@article{trani2011time,
  title={Time-dependent density functional tight binding: new formulation and benchmark of excited states},
  author={Trani, Fabio and Scalmani, Giovanni and Zheng, Guishan and Carnimeo, Ivan and Frisch, Michael J and Barone, Vincenzo},
  journal=jctc,
  volume={7},
  number={10},
  pages={3304--3313},
  year={2011},
  publisher={ACS Publications}
}
@article{fihey2019performances,
  title={Performances of Density Functional Tight-Binding Methods for Describing Ground and Excited State Geometries of Organic Molecules},
  author={Fihey, Arnaud and Jacquemin, Denis},
  journal=jctc,
  volume={15},
  number={11},
  pages={6267--6276},
  year={2019},
  publisher={ACS Publications}
}

@article{ANiklasson04B,
 author = {A. M. N. Niklasson},
 title = {Iterative refinement method for the approximate factorization of a matrix inverse},
 journal = prb,
 year = 2004,
 volume = 70,
 pages = 193102
}

@article{Klimes2012,
archivePrefix = {arXiv},
arxivId = {arXiv:1301.6960v1},
author = {Klime\v{s}, Ji\v{r}{\'i} and Michaelides, Angelos},
doi = {10.1063/1.4754130},
eprint = {arXiv:1301.6960v1},
isbn = {0021-9606},
issn = {00219606},
journal = jcp,
number = {12},
pmid = {23020317},
title = {{Perspective: Advances and challenges in treating van der
 Waals dispersion forces in density functional
 theory}},
volume = {137},
year = {2012}
}


@article{Grimme_ChemRev,
author = {Grimme, Stefan and Hansen, Andreas and Brandenburg, Jan Gerit and Bannwarth, Christoph},
title = {Dispersion-Corrected Mean-Field Electronic Structure Methods},
journal = cr,
volume = {116},
number = {9},
pages = {5105-5154},
year = {2016},
doi = {10.1021/acs.chemrev.5b00533},
note ={PMID: 27077966},
URL = {https://doi.org/10.1021/acs.chemrev.5b00533},
eprint = {https://doi.org/10.1021/acs.chemrev.5b00533}
}

@article{Lloyd2016,
doi = {10.1021/acs.nanolett.5b05026},
journal = nl,
number = {3},
pages = {1884--1889},
publisher = {American Chemical Society},
title = {{Dynamics of Spatially Confined Bisphenol A Trimers in a Unimolecular Network on Ag(111)}},
url = {http://pubs.acs.org/doi/10.1021/acs.nanolett.5b05026},
volume = {16},
year = {2016}
}

@article{Stoehr2019_CSR,
author = {St{\"{o}}hr, Martin and {Van Voorhis}, Troy and Tkatchenko, Alexandre},
doi = {10.1039/C9CS00060G},
journal = csr,
number = {15},
pages = {4118--4154},
publisher = {Royal Society of Chemistry},
title = {{Theory and practice of modeling van der Waals interactions in electronic-structure calculations}},
url = {http://xlink.rsc.org/?DOI=C9CS00060G},
volume = {48},
year = {2019}
}

@article{Stoehr2019,
 author = {St{\"o}hr, Martin and Tkatchenko, Alexandre},
 title = {Quantum mechanics of proteins in explicit water: The role of plasmon-like solute-solvent interactions},
 journal = sad,
 volume = {5},
 number = {12},
 year = {2019},
 pages = {eaax0024},
 elocation-id = {eaax0024},
 doi = {10.1126/sciadv.aax0024},
 publisher = {American Association for the Advancement of Science},
 url = {https://advances.sciencemag.org/content/5/12/eaax0024}
}


@article{Hermann2017,
author = {Hermann, Jan and Alf{\`{e}}, Dario and Tkatchenko, Alexandre},
doi = {10.1038/ncomms14052},
journal = ncom,
pages = {14052},
publisher = {Nature Publishing Group},
title = {Nanoscale $\pi$--$\pi$ stacked molecules are bound by collective charge fluctuations},
url = {http://www.nature.com/doifinder/10.1038/ncomms14052},
volume = {8},
year = {2017}
}



@techreport{niklasson2016progress,
 title={\textrm{PROGRESS} Version 1.0},
 author={Niklasson, Anders M and Mniszewski, Susan M and Negre,
 Christian FA and Wall, Michael E and Cawkwell, Marc
 J},
 year={2016},
 institution={{L}os {A}lamos {N}ational {L}aboratory ({LANL}), {L}os
 {A}lamos, {NM} ({U}nited {S}tates)}
}

 @ARTICLE{bml,
 title = "The basic matrix library ({BML}) for quantum chemistry",
 author = "Bock, Nicolas and Negre, Christian F A and Mniszewski, Susan M
 and Mohd-Yusof, Jamaludin and Aradi, B{\'a}lint and Fattebert,
 Jean-Luc and Osei-Kuffuor, Daniel and Germann, Timothy C and
 Niklasson, Anders M N",
 abstract = "The basic matrix library package (BML) provides a common
 application programming interface (API) for linear algebra and
 matrix functions in C and Fortran for quantum chemistry codes.
 The BML API is matrix format independent. Currently the dense,
 compressed sparse row, and ELLPACK-R sparse matrix data types
 are available, each with different implementations. We show how
 the second-order spectral projection (SP2) algorithm used to
 compute the electronic structure of a molecular system
 represented with a tight-binding Hamiltonian can be successfully
 implemented with the aid of this library.",
 journal = js,
 publisher = "Springer US",
 volume = 74,
 number = 11,
 pages = "6201--6219",
 month = Nov,
 year = 2018,
 language = "en"
 }


@misc{bml2,
 author = {Nicolas Bock and Susan Mniszewski and B\'alint Aradi
 and Michael Wall and Christian F. A. Negre and Jamal
 Mohd-Yusof},
 title = {qmmd/bml v1.2.3},
 month = Feb,
 year = 2018,
 doi = {10.5281/zenodo.841949},
 url = {https://doi.org/10.5281/zenodo.841949}
}

@article{SMniszewski15,
author = {Mniszewski, S. M. and Cawkwell, M. J. and Wall, M. E. and
 Mohd-Yusof, J. and Bock, N. and Germann, T. C. and
 Niklasson, A. M. N.},
title = {Efficient Parallel Linear Scaling Construction of the Density
 Matrix for {B}orn–{O}ppenheimer Molecular Dynamics},
journal = jctc,
volume = {11},
number = {10},
pages = {4644--4654},
year = {2015},
doi = {10.1021/acs.jctc.5b00552}
}


@article{ANiklasson03B,
 author = {A. M. N. Niklasson},
 title = {Implicit purification for temperature-dependent density matrices},
 journal = prb,
 year = 2003,
 volume = 68,
 pages = 233104
}


@Article{ Truflandier16,
 author = {Truflandier, Lionel A. and Dianzinga, Rivo M. and Bowler,
 David R.},
 title = {{Communication: Generalized canonical purification for
 density matrix minimization}},
 journal = jcp,
 year = {{2016}},
 volume = {{144}},
 number = {{9}},
 month = {{MAR 7}},
 doi = {{10.1063/1.4943213}}
}


@article{PSuryanarayana13,
 author = {P. Suryanarayana},
 title = {Optimized purification for density matrix calculations},
 journal = cpl,
 year = 2013,
 volume = 555,
 pages = 291
}

@article{EHRubensson11,
 author = {E. H. Rubensson},
 title = {Nonmonotonic recursive polynomial expansion for
 linear scaling calculation of the density matrix},
 journal = jctc,
 year = 2011,
 volume = 7,
 pages = 1233
}

@article{WLiang04,
 author = {W. Z. Liang and R. Baer and C. Saravanan and
 Y. H. Shao and A. T. Bell and M. Head-Gordon},
 journal = jcop,
 year = 2004,
 volume = 194,
 pages = {575-587}
}

@article{ANiklasson03,
 author = {A. M. N. Niklasson and C. J. Tymczak and M. Challacombe},
 title = {Trace resetting density matrix purification in O(N)
 self-consistent-field theory},
 journal = jcp,
 year = {2003},
 volume = 118,
 number = 19,
 pages = 8611
}

@article{DMazziotti03,
 title = {Towards idempotent reduced density matrices via
 particle-hole duality: McWeeny’s purification and
 beyond},
 author = {D.\ A.\ Mazziotti},
 journal = pre,
 year = 2003,
 volume = 68,
 pages = 066701
}

@article{ANiklasson02,
 author = {A. M. N. Niklasson},
 title = {Expansion algorithm for the density matrix},
 journal = prb,
 year = 2002,
 volume = 66,
 pages = 155115
}

@article{AHolas01,
 author = {A. Holas},
 title = {Transforms for idempotency purification of density
 matrices in linear-scaling electronic-structure
 calculations},
 journal = cpl,
 year = 2001,
 volume = 340,
 number = {5--6},
 pages = {552--558}
}

@article{SGoedecker99,
 author = {S. Goedecker},
 title = {Linear Scaling Electronic Structure Methods},
 journal = rmp,
 year = 1999,
 volume = 71,
 pages = {1085--1123}
}

@article{APalser98,
 author = {A. H. R. Palser and D. E. Manolopoulos},
 title = {Canonical purification of the density matrix in
 electronic-structure theory},
 journal = prb,
 year = 1998,
 volume = 58,
 pages = 12704
}

@article{RSilver94,
 author = {R. N. Silver and H. Roder},
 title = {Densities of states of mega-dimensional Hamiltonian matrices},
 journal = ijmpc,
 year = 1994,
 volume = 5,
 pages = 735
}

@article{SGoedecker94,
 author = {S. Goedecker and L. Colombo},
 title = {Efficient Linear Scaling Algorithm For Tight-Binding
 Molecular-Dynamics},
 journal = prl,
 year = 1994,
 volume = 73,
 number = 1,
 pages = {122-125}
}

@Article{aradi-jpca-2007,
 author = {B. Aradi and B. Hourahine and Th. Frauenheim},
 title = {{DFTB+}, a Sparse Matrix-Based Implementation of the {DFTB} Method},
 journal = jpca,
 year = {2007},
 volume = {111},
 number = {26},
 pages = {5678}
}

@ARTICLE{Baer2010,
 author = {Baer, R. and Livshits, E. and Salzner, U.},
 title = {Tuned Range-Separated Hybrids in Density Functional Theory},
 journal = arpc,
 year = {2010},
 volume = {61},
 pages = {85--109},
 owner = {niehaus},
 publisher = {Annual Reviews},
 timestamp = {2019.11.08}
}

@article{Darden1993,
 Title = {Particle mesh {E}wald -- an n.log(n) method for {E}wald sums in large systems},
 Author = {Darden,T. and York,D. and Pedersen,L.},
 journal = jcp,
 Volume = {98},
 Number = {12},
 Pages = {10089-10092},
 Year = {1993},
}

@Article{Yang2017,
 author = {Y. Yang and A. Dominguez and D. Zhang and V. Lutsker and Thomas A. Niehaus and T. Frauenheim and W. Yang.},
 title = {Charge transfer excitations from particle-particle random phase approximation - Opportunities and challenges arising from two-electron deficient systems.},
 journal = jcp,
 year = {2017},
 volume = {146},
 number = {},
 pages = {124104}
}

@article{Dominguez2015,
 author = {A. Dominguez and T. Frauenheim and T. A. Niehaus},
 title = {Accurate hydrogen bond energies within the density
                  functional tight-binding method},
 journal = jpca,
 year = 2015,
 volume = 119,
 number = {14},
 pages = 3535
}

@article{Dominguez2013,
 author = {A. Dominguez and B. Aradi and T. Frauenheim and V. Lutsker and T. A. Niehaus},
 title = {Extensions of the Time-Dependent Density Functional Based Tight-Binding Approach},
 journal = jctc,
 year = 2013,
 volume = 9,
 pages = 4901
}

@PHDTHESIS{DominguezThesis,
 author = {Dominguez, A.},
 title = {Density functional approaches for the interaction of metal oxides with small molecules},
 school = {Universit\"at Bremen, Germany},
 year = {2014},
}

@ARTICLE{Kranz2017,
 author = {Kranz, Julian J and Elstner, Marcus and Aradi, Balint and Frauenheim,
 Thomas and Lutsker, Vitalij and Dominguez Garcia, Adriel and Niehaus,
 Thomas A},
 title = {Time-dependent extension of the long-range corrected density functional
 based tight-binding method},
 journal = jctc,
 year = {2017},
 volume = {13},
 pages = {1737--1747},
 number = {4},
 owner = {niehaus},
 publisher = {ACS Publications},
 timestamp = {2019.11.08}
}

@ARTICLE{Kubar2015,
author={Kuba\v{r}, T. and Welke, K. and Groenhof, G.},
title={New {QM/MM} implementation of the {DFTB3} method in the {Gromacs} package},
journal=jcc,
year={2015},
volume={36},
number={26},
pages={1978-1989},
doi={10.1002/jcc.24029},
}

@BOOK{lehoucq1998aug,
 title = {ARPACK Users' Guide: Solution of Large-scale Eigenvalue Problems
 with Implicitly Restarted Arnoldi Methods},
 publisher = {Society for Industrial \& Applied Mathematics},
 year = {1998},
 editor = {N.N.},
 author = {Lehoucq, R. B. and Sorensen, D. C. and Yang, C.},
 owner = {niehaus},
 timestamp = {2019.11.08}
}

@PHDTHESIS{Lutsker2015a,
 author = {Lutsker, V.},
 title = {Range-Separated Hybrid Functionals in the Density Functional-Based
 Tight-Binding Method},
 school = {University of Regensburg, Germany},
 year = {2015},
 owner = {niehaus},
 timestamp = {2019.11.08}
}

@ARTICLE{Lutsker2015,
 author = {Lutsker, Vitalij and Aradi, Balint and Niehaus, Thomas A},
 title = {Implementation and benchmark of a long-range corrected functional
 in the density functional based tight-binding method},
 journal = jcp,
 year = {2015},
 volume = {143},
 pages = {184107},
 number = {18},
 owner = {niehaus},
 publisher = {AIP Publishing},
 timestamp = {2019.11.08}
}

@ARTICLE{Niehaus2009,
 author = {Niehaus, T. A.},
 title = {Approximate time-dependent density functional theory},
 journal = jmst,
 year = {2009},
 volume = {914},
 pages = {38},
 owner = {niehaus},
 timestamp = {2009.04.24}
}

@ARTICLE{Niehaus2001a,
 author = {Niehaus, T. A. and Suhai, S. and Della Sala, F. and Lugli, P. and
 Elstner, M. and Seifert, G. and Frauenheim, T.},
 title = {Tight-binding approach to time-dependent density-functional response
 theory},
 journal = prb,
 year = {2001},
 volume = {63},
 pages = {085108},
 number = {8},
 month = feb,
 abstract = {In this paper we propose an extension of the self-consistent charge-density-functional
 tight-binding (SCC-DFTB) method [M. Elstner et al., Phys. Rev. B
 58, 7260 (1998)], which allows the calculation of the optical properties
 of finite systems within time-dependent density-functional response
 theory (TD-DFRT). For a test set of small organic molecules low-lying
 singlet excitation energies are computed in good agreement with first-principles
 and experimental results. The overall computational cost of this
 parameter-free method is very low and thus it allows us to examine
 large systems: we report successful applications to C-60 and the
 polyacene series.},
 comment = {My},
 di = {ARTN 085108},
 file = {gamma.pdf:MY/gamma.pdf:PDF},
 keywords = {GENERALIZED GRADIENT APPROXIMATION; SIMPLE-METAL-CLUSTERS; SILICON
 NANOCRYSTALS; EXCITATION-ENERGIES; OPTICAL-RESPONSE; SI NANOCRYSTALS;
 ELECTRON-IMPACT; ABSORPTION-SPECTRUM; QUANTUM CONFINEMENT; POROUS
 SILICON},
 owner = {niehaus},
 sn = {0163-1829},
 timestamp = {2007.02.07},
 ut = {ISI:000167203500031}
}

@ARTICLE{Niehaus2012,
 author = {Niehaus, T.A. and Della Sala, F.},
 title = {Range separated functionals in the density functional based tight-binding
 method: Formalism},
 journal = pssb,
 year = {2012},
 volume = {249},
 pages = {237},
 owner = {niehaus},
 publisher = {Wiley Online Library},
 timestamp = {2019.11.08}
}

@ARTICLE{Stratmann1998,
 author = {Stratmann, R Eric and Scuseria, Gustavo E and Frisch, Michael J},
 title = {An efficient implementation of time-dependent density-functional
 theory for the calculation of excitation energies of large molecules},
 journal = jcp,
 year = {1998},
 volume = {109},
 pages = {8218--8224},
 number = {19},
 owner = {niehaus},
 publisher = {AIP Publishing},
 timestamp = {2019.11.08}
}

@ARTICLE{Vuong2019,
 author = {Vuong, Van Quan and Nishimoto, Yoshio and Fedorov, Dmitri G and Sumpter,
 Bobby G and Niehaus, Thomas A and Irle, Stephan},
 title = {The Fragment Molecular Orbital Method Based on Long-Range Corrected
 Density-Functional Tight-Binding},
 journal = jctc,
 year = {2019},
 volume = {15},
 pages = {3008},
 owner = {niehaus},
 publisher = {ACS Publications},
 timestamp = {2019.11.08}
}


@article{caldeweyher2017,
author = {Eike Caldeweyher and Christoph Bannwarth and Stefan Grimme},
title = {Extension of the D3 dispersion coefficient model},
journal = jcp,
volume = {147},
number = {3},
pages = {034112},
year = {2017},
doi = {10.1063/1.4993215}
}

@article{caldeweyher2019,
author = {Caldeweyher,Eike and Ehlert,Sebastian and Hansen,Andreas and Neugebauer,Hagen and Spicher,Sebastian and Bannwarth,Christoph and Grimme,Stefan },
title = {A generally applicable atomic-charge dependent London dispersion correction},
journal = jcp,
volume = {150},
number = {15},
pages = {154122},
year = {2019},
doi = {10.1063/1.5090222}
}

@article{caldeweyher2020,
author = {Caldeweyher,Eike and Mewes,Jan-Michael and Ehlert,Sebastian and Grimme,Stefan },
title = {Extension and Evaluation of the D4 London
Dispersion Model for Periodic Systems},
journal = pccp,
note = {just submitted},
year= {2020},
}

@ARTICLE{grimme2010,
 author = {S. Grimme and J. Antony and S. Ehrlich and H. Krieg},
 title = {A consistent and accurate ab initio parametrization of density functional
 dispersion correction (DFT-D) for the 94 elements H-Pu},
 journal = jcp,
 year = {2010},
 volume = {132},
 pages = {154104}
}

@ARTICLE{grimme2011,
 author = {S. Grimme and S. Ehrlich and L. Goerigk},
 title = {Effect of the Damping Function in Dispersion Corrected Density Functional
 Theory},
 journal = jcc,
 year = {2011},
 volume = {32},
 pages = {1456-1465}
}

@article{grimme2016,
author = {Grimme, Stefan and Hansen, Andreas and Brandenburg, Jan Gerit and Bannwarth, Christoph},
title = {Dispersion-Corrected Mean-Field Electronic Structure Methods},
journal = cr,
volume = {116},
number = {9},
pages = {5105-5154},
year = {2016},
doi = {10.1021/acs.chemrev.5b00533}
}

@article{Stoehr2016,
author = {St{\"{o}}hr, Martin and Michelitsch, Georg S. and Tully,
 John C. and Reuter, Karsten and Maurer, Reinhard
 Johann},
journal = jcp,
title = {{Communication: Charge-Population Based Dispersion
 Interactions for Molecules and Materials}},
url = {http://scitation.aip.org/content/aip/journal/jcp/144/15/10.1063/1.4947214},
volume = {144},
number = {15},
year = {2016},
pages = {151101},
doi = {10.1063/1.4947214}
}


@article{elstner2001,
author = {Elstner, Marcus and Hobza, Pavel and Frauenheim, Thomas and
 Suhai, S{\'a}ndor and Kaxiras, Efthimios},
title = {Hydrogen bonding and stacking interactions of nucleic acid
 base pairs: A density-functional-theory based
 treatment},
journal = jcp,
volume = {114},
number = {12},
pages = {5149-5155},
year = {2001},
doi = {10.1063/1.1329889}
}

@article{mortazavi2018,
 author={Mortazavi, Majid and Brandenburg, Jan Gerit and Maurer, Reinhard J. and Tkatchenko, Alexandre},
 title={Structure and Stability of Molecular Crystals with Many-Body Dispersion-Inclusive Density Functional Tight Binding},
 journal=jpcl,
 year={2018},
 volume={9},
 pages={399-405}
}

@article{Tkatchenko2009,
author = {Tkatchenko, Alexandre and Scheffler, Matthias},
doi = {10.1103/PhysRevLett.102.073005},
issn = {0031-9007},
journal = prl,
month = {feb},
number = {7},
pages = {073005},
title = {{Accurate Molecular Van Der Waals Interactions from Ground-State Electron Density and Free-Atom Reference Data}},
url = {http://link.aps.org/doi/10.1103/PhysRevLett.102.073005},
volume = {102},
year = {2009}
}



@article{Petraglia2015,
author = {Petraglia, Riccardo and Steinmann, Stephan N. and Corminboeuf, Clemence},
title = {A fast charge-Dependent atom-pairwise dispersion correction for DFTB3},
journal = ijqc,
volume = {115},
number = {18},
pages = {1265-1272},
doi = {10.1002/qua.24887},
url = {https://onlinelibrary.wiley.com/doi/abs/10.1002/qua.24887},
year = {2015}
}

@article{Gould2016,
author = {Gould, Tim and Leb{\`e}gue, S{\'e}bastien and
 {\'A}ngy{\'a}n, J{\'a}nos G. and Bu{\v{c}}ko,
 Tom{\'a}{\v{s}}},
title = {A Fractionally Ionic Approach to Polarizability and van der
 Waals Many-Body Dispersion Calculations},
journal = jctc,
volume = {12},
number = {12},
pages = {5920-5930},
year = {2016},
doi = {10.1021/acs.jctc.6b00925},
url = {https://doi.org/10.1021/acs.jctc.6b00925}
}

@article{Ferri2015,
author = {Ferri, Nicola and {DiStasio Jr.}, Robert A. and Ambrosetti,
 Alberto and Car, Roberto and Tkatchenko, Alexandre},
doi = {10.1103/PhysRevLett.114.176802},
journal = prl,
month = {apr},
number = {17},
pages = {176802},
pmid = {25978248},
publisher = {American Physical Society},
title = {{Electronic properties of molecules and surfaces with a
 self-consistent interatomic van der Waals density
 functional}},
url = {http://link.aps.org/doi/10.1103/PhysRevLett.114.176802},
volume = {114},
year = {2015}
}


@article{Maurer2015,
author = {Maurer, Reinhard J. and Ruiz, Victor G. and Tkatchenko,
 Alexandre},
doi = {10.1063/1.4922688},
issn = {0021-9606},
journal = jcp,
month = {sep},
number = {10},
pages = {102808},
publisher = {AIP Publishing},
title = {{Many-body dispersion effects in the binding of adsorbates on
 metal surfaces}},
url = {http://scitation.aip.org/content/aip/journal/jcp/143/10/10.1063/1.4922688},
volume = {143},
year = {2015}
}

@article{Reilly2015,
author = {Reilly, Anthony M. and Tkatchenko, Alexandre},
doi = {10.1039/C5SC00410A},
journal = cs,
number = {6},
pages = {3289--3301},
publisher = {The Royal Society of Chemistry},
title = {{van der Waals dispersion interactions in molecular
 materials: beyond pairwise additivity}},
url = {http://xlink.rsc.org/?DOI=C5SC00410A},
volume = {6},
year = {2015}
}

@article{Ambrosetti2014,
author = {Ambrosetti, Alberto and Reilly, Anthony M. and {DiStasio Jr.}, Robert A. and Tkatchenko, Alexandre},
title = {Long-range correlation energy calculated from coupled atomic response functions},
journal = jcp,
volume = {140},
number = {18},
pages = {18A508},
year = {2014},
doi = {10.1063/1.4865104},
URL = {https://doi.org/10.1063/1.4865104}
}

@article{Ambrosetti2014_JPCL,
author = {Ambrosetti, Alberto and Alf{\`{e}}, Dario and {DiStasio Jr.}, Robert A. and Tkatchenko, Alexandre},
doi = {10.1021/jz402663k},
journal = jpcl,
number = {5},
pages = {849--855},
title = {{Hard Numbers for Large Molecules: Toward Exact Energetics for Supramolecular Systems}},
url = {http://pubs.acs.org/doi/10.1021/jz402663k},
volume = {5},
year = {2014}
}

@article{Ambrosetti2016,
author = {Ambrosetti, Alberto and Ferri, Nicola and {DiStasio Jr.}, Robert A. and Tkatchenko, Alexandre},
doi = {10.1126/science.aae0509},
journal = s,
number = {6278},
pages = {1171--1176},
title = {{Wavelike charge density fluctuations and van der Waals interactions at the nanoscale}},
url = {http://www.sciencemag.org/cgi/doi/10.1126/science.aae0509},
volume = {351},
year = {2016}
}

@article{Yang2017_Carbon,
author = {Yang, Sha and Jiang, Yingda and Li, Shuang and Liu, Wei},
doi = {10.1016/J.CARBON.2016.10.024},
journal = ca,
pages = {513--518},
publisher = {Pergamon},
title = {{Many-body dispersion effects on the binding of TCNQ and F4-TCNQ with graphene}},
url = {http://www.sciencedirect.com/science/article/pii/S0008622316308831},
volume = {111},
year = {2017}
}

@article{Rezac2011_S66,
author = {\v{R}ez{\'{a}}{\v{c}}, Jan and Riley, Kevin E. and Hobza, Pavel},
doi = {10.1021/ct200523a},
issn = {1549-9618},
journal = jctc,
number = {11},
pages = {3466--3470},
title = {{Extensions of the S66 Data Set: More Accurate Interaction Energies and Angular-Displaced Nonequilibrium Geometries}},
url = {http://pubs.acs.org/doi/abs/10.1021/ct200523a},
volume = {7},
year = {2011}
}

@article{Rezac2011_S66x8,
author = {\v{R}ez{\'{a}}{\v{c}}, Jan and Riley, Kevin E. and Hobza, Pavel},
doi = {10.1021/ct2002946},
journal = jctc,
number = {8},
pages = {2427--2438},
title = {{S66: A well-balanced database of benchmark interaction energies relevant to biomolecular structures}},
volume = {7},
year = {2011}
}



@article{Hoja2019,
author = {Hoja, Johannes and Ko, Hsin-Yu and Neumann, Marcus A. and Car, Roberto and {DiStasio Jr.}, Robert A. and Tkatchenko, Alexandre},
doi = {10.1126/sciadv.aau3338},
eprint = {1803.07503},
journal = sad,
number = {1},
pages = {eaau3338},
title = {{Reliable and practical computational description of molecular crystal polymorphs}},
url = {http://advances.sciencemag.org/lookup/doi/10.1126/sciadv.aau3338},
volume = {5},
year = {2019}
}



@article{Hirshfeld1977,
author = {Hirshfeld, F. L.},
doi = {10.1007/BF00549096},
issn = {0040-5744},
journal = tca,
number = {2},
pages = {129--138},
title = {{Bonded-atom fragments for describing molecular charge densities}},
url = {http://link.springer.com/10.1007/BF00549096},
volume = {44},
year = {1977}
}


@article{Rapacioli2009,
author = {Rapacioli,Mathias and Spiegelman,Fernand and Talbi,Dahbia and Mineva,Tzonka and Goursot,Annick and Heine,Thomas and Seifert,Gotthard },
title = {Correction for dispersion and Coulombic interactions in molecular clusters with density functional derived methods: Application to polycyclic aromatic hydrocarbon clusters},
journal = jcp,
volume = {130},
number = {24},
pages = {244304},
year = {2009},
doi = {10.1063/1.3152882},
URL = {https://doi.org/10.1063/1.3152882}
}


@article{Otero-de-la-Roza2012,
author = {Otero-de-la-Roza, A and Johnson, Erin R},
doi = {10.1063/1.4705760},
issn = {1089-7690},
journal = jcp,
month = {may},
number = {17},
pages = {174109},
pmid = {22583212},
publisher = {AIP Publishing},
title = {{Van der Waals interactions in solids using the exchange-hole dipole moment model.}},
url = {http://scitation.aip.org/content/aip/journal/jcp/136/17/10.1063/1.4705760},
volume = {136},
year = {2012}
}


@article{Tkatchenko2012,
author = {Tkatchenko, Alexandre and {DiStasio Jr.}, Robert A. and Car, Roberto and Scheffler, Matthias},
doi = {10.1103/PhysRevLett.108.236402},
journal = prl,
number = {23},
pages = {236402},
title = {{Accurate and efficient method for many-body van der Waals interactions}},
url = {http://link.aps.org/doi/10.1103/PhysRevLett.108.236402},
volume = {108},
year = {2012}
}


@article{brandenburg2014,
author = {Brandenburg, Jan Gerit and Grimme, Stefan},
title = {Accurate Modeling of Organic Molecular Crystals by
 Dispersion-Corrected Density Functional Tight
 Binding (DFTB)},
journal = jpcl,
volume = {5},
number = {11},
pages = {1785-1789},
year = {2014},
doi = {10.1021/jz500755u}
}

@article{bursch2019,
author = {Bursch, Markus and Caldeweyher, Eike and Hansen, Andreas and Neugebauer, Hagen and Ehlert, Sebastian and Grimme, Stefan},
title = {Understanding and Quantifying London Dispersion Effects in Organometallic Complexes},
journal = acr,
volume = {52},
number = {1},
pages = {258-266},
year = {2019},
doi = {10.1021/acs.accounts.8b00505}
}


@article{pecchia2008,
 title = {Non-equilibrium {Green}'s functions in density functional tight-binding: method and applications},
 volume = {10},
 journal = njp,
 author = {Pecchia, A. and Penazzi, G. and Salvucci, L. and Di Carlo, A.},
 year = {2008},
 pages = {065022}
}

@article{pecchia2004,
 title = {Atomistic theory of transport in organic and inorganic nanostructures},
 volume = {67},
 journal = rpp,
 author = {Pecchia, A. and Di Carlo, A.},
 year = {2004},
 pages = {1497}
}

@book{haug2008,
 address = {Berlin; New York},
 title = {Quantum kinetics in transport and optics of semiconductors},
 isbn = {978-3-540-73564-9 978-3-540-73561-8},
 publisher = {Springer},
 author = {Haug, Hartmut and Jauho, Antti-Pekka},
 year = {2008}
}

@article{papior2017,
 title = {Improvements on non-equilibrium and transport {Green} function techniques: {The} next-generation transiesta},
 volume = {212},
 issn = {00104655},
 doi = {10.1016/j.cpc.2016.09.022},
 journal = cpc,
 author = {Papior, Nick and Lorente, Nicolás and Frederiksen, Thomas and García, Alberto and Brandbyge, Mads},
 month = mar,
 year = {2017},
 pages = {8--24}
}

@article{smidstrup2020,
 title = {{QuantumATK}: an integrated platform of electronic and atomic-scale modelling tools},
 volume = {32},
 issn = {0953-8984, 1361-648X},
 doi = {10.1088/1361-648X/ab4007},
 number = {1},
 urldate = {2019-11-11},
 journal = jpcm,
 author = {Smidstrup, Søren and Markussen, Troels and Vancraeyveld, Pieter and Wellendorff, Jess and Schneider, Julian and Gunst, Tue and Verstichel, Brecht and Stradi, Daniele and Khomyakov, Petr A and Vej-Hansen, Ulrik G and Lee, Maeng-Eun and Chill, Samuel T and Rasmussen, Filip and Penazzi, Gabriele and Corsetti, Fabiano and Ojanperä, Ari and Jensen, Kristian and Palsgaard, Mattias L N and Martinez, Umberto and Blom, Anders and Brandbyge, Mads and Stokbro, Kurt},
 month = jan,
 year = {2020},
 pages = {015901}
}


@article{ozaki2010,
 title = {Efficient implementation of the nonequilibrium {Green} function method for electronic transport calculations},
 volume = {81},
 issn = {1098-0121, 1550-235X},
 url = {https://link.aps.org/doi/10.1103/PhysRevB.81.035116},
 doi = {10.1103/PhysRevB.81.035116},
 language = {en},
 number = {3},
 urldate = {2019-11-11},
 journal = prb,
 author = {Ozaki, Taisuke and Nishio, Kengo and Kino, Hiori},
 month = jan,
 year = {2010},
 pages = {035116}
}

@article{pecchia2004b,
 title = {Incoherent electron-phonon scattering in octanethiols},
 volume = {4},
 number = {11},
 journal = nl,
 author = {Pecchia, A. and Di Carlo, A. and Gagliardi, A. and Sanna, S. and Frauenheim, T. and Gutierrez, R.},
 year = {2004},
 pages = {2109--2114}
}

@article{pecchia2007,
 title = {Heat dissipation and non-equilibrium phonon distributions in molecular devices},
 volume = {6},
 issn = {1569-8025},
 doi = {10.1007/s10825-006-0136-0},
 language = {English},
 number = {1-3, Part 2, SI},
 journal = jce,
 author = {Pecchia, A. and Romano, G. and Gagliardi, A. and Frauenheim, Th. and Di Carlo, A.},
 month = sep,
 year = {2007},
 keywords = {Molecular electronics, Electron-phonon scattering, Heat dissipation, NEGF},
 pages = {335--339}
}

@article{penazzi2016,
 title = {A {Self} {Energy} {Model} of {Dephasing} in {Molecular} {Junctions}},
 volume = {120},
 issn = {1932-7447, 1932-7455},
 url = {http://pubs.acs.org/doi/abs/10.1021/acs.jpcc.6b04185},
 doi = {10.1021/acs.jpcc.6b04185},
 language = {en},
 number = {30},
 urldate = {2016-09-23},
 journal = jpcc,
 author = {Penazzi, Gabriele and Pecchia, Alessandro and Gupta, Verena and Frauenheim, Thomas},
 month = aug,
 year = {2016},
 pages = {16383--16392}
}


@article{gagliardi2008,
 title = {Electron-phonon scattering in molecular electronics: from inelastic electron tunnelling spectroscopy to heating effects},
 volume = {10},
 issn = {1367-2630},
 doi = {10.1088/1367-2630/10/6/065020},
 language = {English},
 journal = njp,
 author = {Gagliardi, Alessio and Romano, Giuseppe and Pecchia, Alessandro and Di Carlo, Aldo and Frauenheim, Thomas and Niehaus, Thomas A.},
 month = jun,
 year = {2008}
}

@article{markov2015,
 title = {Permittivity of {Oxidized} {Ultra}-{Thin} {Silicon} {Films} {From} {Atomistic} {Simulations}},
 volume = {36},
 issn = {0741-3106, 1558-0563},
 url = {http://ieeexplore.ieee.org/lpdocs/epic03/wrapper.htm?arnumber=7182304},
 doi = {10.1109/LED.2015.2465850},
 number = {10},
 urldate = {2015-10-09},
 journal = ieeeedl,
 author = {Markov, Stanislav and Penazzi, Gabriele and Kwok, YanHo and Pecchia, Alessandro and Aradi, Balint and Frauenheim, Thomas and Chen, GuanHua},
 month = oct,
 year = {2015},
 pages = {1076--1078}
}

@article{chu2018,
 title = {Explicit screening full band quantum transport model for semiconductor nanodevices},
 volume = {123},
 issn = {0021-8979, 1089-7550},
 url = {http://aip.scitation.org/doi/10.1063/1.5031461},
 doi = {10.1063/1.5031461},
 language = {en},
 number = {24},
 urldate = {2019-11-12},
 journal = jap,
 author = {Chu, Yuanchen and Sarangapani, Prasad and Charles, James and Klimeck, Gerhard and Kubis, Tillmann},
 month = jun,
 year = {2018},
 pages = {244501}
}

@article{medrano15b,
 title = {Thermoelectric properties of functionalized graphene grain boundaries},
 author = {Medrano Sandonas, L. and Gutierrez, R. and Pecchia, A. and Dianat, A. and Cuniberti, G.},
 journal = jsme,
 volume = {3},
 issue = {1},
 pages = {1-20},
 year = {2015},
 month = {October},
 publisher = {River Publishers},
 }

@article{medrano16,
author = {Medrano Sandonas, Leonardo and David Teich and Rafael Gutierrez and Tommy Lorenz and Alessandro Pecchia and Gotthard Seifert and Gianaurelio Cuniberti},
title = {Anisotropic thermoelectric response in two-dimensional puckered structures},
journal = jpcc,
volume = {120},
number = {33},
pages = {18841-18849},
year = {2016},
URL = {http://dx.doi.org/10.1021/acs.jpcc.6b04969},
}

@Article{medrano17,
author ="Medrano Sandonas, Leonardo and Gutierrez, Rafael and Pecchia, Alessandro and Seifert, Gotthard and Cuniberti, Gianaurelio",
title ="Tuning quantum electron and phonon transport in two-dimensional materials by strain engineering: a Green{'}s function based study",
journal = pccp,
year ="2017",
volume ="19",
issue ="2",
pages ="1487-1495",
publisher ="The Royal Society of Chemistry",
url ="http://dx.doi.org/10.1039/C6CP06621F",
}

@article{medrano17c,
title = "Enhancement of thermal transport properties of asymmetric Graphene/hBN nanoribbon heterojunctions by substrate engineering",
journal = ca,
volume = "124",
pages = "642 - 650",
year = "2017",
issn = "0008-6223",
url = "http://www.sciencedirect.com/science/article/pii/S0008622317308771",
author = "Medrano Sandonas, Leonardo and Cuba-Supanta, Gustavo and Gutierrez, Rafael and Dianat, Arezoo and Landauro, Carlos V. and Cuniberti, Gianaurelio",
keywords = "G/hBN heterojunctions, Thermal transport, Molecular dynamics, Substrate engineering"
}

@article {medrano18,
author = {Medrano Sandonas, Leonardo and Sevincli, Haldun and Gutierrez, Rafael and Cuniberti, Gianaurelio},
title = {First-principle-based phonon transport properties of nanoscale graphene grain boundaries},
journal = as,
issn = {2198-3844},
pages = {1700365},
year = {2018},
keywords = {DFTB calculations, grain boundaries, graphene, Landauer theory, phonon transport},
}

@article{medrano18b,
author = {Medrano Sandonas, Leonardo and Croy, Alexander and
                  Gutierrez, Rafael and Cuniberti, Gianaurelio},
title = {Atomistic framework for time-dependent thermal transport},
journal = jpcc,
volume = {122},
number = {36},
pages = {21062-21068},
year = {2018}
}

@Article{medrano19a,
author ="Medrano Sandonas, Leonardo and Cuba-Supanta, Gustavo and Gutierrez, Rafael and Landauro, Carlos V. and Rojas-Tapia, Justo and Cuniberti, Gianaurelio",
title ="Doping engineering of thermoelectric transport in BNC heteronanotubes",
journal = pccp,
year ="2019",
volume ="21",
issue ="4",
pages ="1904-1911",
publisher ="The Royal Society of Chemistry",}

@article{medrano19b,
author = {Medrano Sandonas, Leonardo and Rodriguez Mendez, Alvaro and Gutierrez, Rafael and Ugalde, Jesus M. and Mujica, Vladimiro and Cuniberti, Gianaurelio},
title = {Selective transmission of phonons in molecular junctions with nanoscopic thermal baths},
journal = jpcc,
volume = {123},
number = {15},
pages = {9680-9687},
year = {2019},
}

@article{Martinez19,
author = {Martinez Gutierrez, D and Di Pierro, A and Pecchia, A and Medrano Sandonas, L and Gutierrez, R and Bernal, M and Mortazavi, B and Cuniberti, G and Saracco, G and Fina, A},
journal = nr,
volume = {12},
pages = {791–799},
year = {2019},
}

@article{MedranoRev,
author = {Medrano Sandonas, L and Gutierrez, R and Pecchia, A and Croy, A and Cuniberti, G},
journal = e,
volume = {21},
pages = {735},
year = {2019},
}


@article{hourahine07,
title = "Self-Interaction and Strong Correlation in DFTB",
author = "Hourahine, B. and Sanna, S. and Aradi, B. and K{\"o}hler,
 C. and Niehaus, T. and Frauenheim, T.",
year = 2007,
month = 7,
doi = "10.1021/jp070173b",
volume = 111,
pages = "5671--5677",
journal = jpca
}

@article{PhysRevLett.49.1691,
 title = {Density-Functional Theory for Fractional Particle Number:
 Derivative Discontinuities of the Energy},
 author = {Perdew, John P. and Parr, Robert G. and Levy, Mel and
 Balduz, Jose L.},
 journal = prl,
 volume = {49},
 issue = {23},
 pages = {1691--1694},
 numpages = {0},
 year = {1982},
 month = {Dec},
 publisher = {American Physical Society},
 doi = {10.1103/PhysRevLett.49.1691},
 url = {https://link.aps.org/doi/10.1103/PhysRevLett.49.1691}
}

@article{seifert07,
author = {Seifert, G.},
title = {Tight-Binding Density Functional Theory:  An Approximate
 {K}ohn-{S}ham \mbox{DFT} Scheme},
journal = jpca,
volume = {111},
number = {26},
pages = {5609-5613},
year = {2007},
doi = {10.1021/jp069056r}
}

@article{Anisimov_1997,
 doi = {10.1088/0953-8984/9/4/002},
 year = 1997,
 month = {jan},
 publisher = {{IOP} Publishing},
 volume = {9},
 number = {4},
 pages = {767--808},
 author = {Vladimir I Anisimov and F Aryasetiawan and A I Lichtenstein},
 title = {First-principles calculations of the electronic
 structure and spectra of strongly correlated
 systems: the $\mathrm{LDA}+U$ method},
 journal = jpcm
}

@article{PhysRevB.57.1505,
 title = {Electron-energy-loss spectra and the structural stability of nickel oxide: An LSDA+U study},
 author = {Dudarev, S. L. and Botton, G. A. and Savrasov, S. Y. and Humphreys, C. J. and Sutton, A. P.},
 journal = prb,
 volume = {57},
 issue = {3},
 pages = {1505--1509},
 numpages = {0},
 year = {1998},
 month = {Jan},
 publisher = {American Physical Society},
 doi = {10.1103/PhysRevB.57.1505},
 url = {https://link.aps.org/doi/10.1103/PhysRevB.57.1505}
}


@article{PhysRevB.73.045110,
 title = {$\mathrm{O}(N)$ $\mathrm{LDA}+U$ electronic structure
 calculation method based on the nonorthogonal
 pseudoatomic orbital basis},
 author = {Han, Myung Joon and Ozaki, Taisuke and Yu, Jaejun},
 journal = prb,
 volume = {73},
 issue = {4},
 pages = {045110},
 numpages = {11},
 year = {2006},
 month = {Jan},
 publisher = {American Physical Society},
 doi = {10.1103/PhysRevB.73.045110},
 url = {https://link.aps.org/doi/10.1103/PhysRevB.73.045110}
}

@article{PhysRevB.67.125109,
 title = {Self-interaction-corrected pseudopotential scheme for magnetic and strongly-correlated systems},
 author = {Filippetti, Alessio and Spaldin, Nicola A.},
 journal = prb,
 volume = {67},
 issue = {12},
 pages = {125109},
 numpages = {15},
 year = {2003},
 month = {Mar},
 publisher = {American Physical Society},
 doi = {10.1103/PhysRevB.67.125109},
 url = {https://link.aps.org/doi/10.1103/PhysRevB.67.125109}
}

@article{PhysRevB.67.153106,
 title = {Correlated metals and the $\mathrm{LDA}+U$ method},
 author = {Petukhov, A. G. and Mazin, I. I. and Chioncel, L. and Lichtenstein, A. I.},
 journal = prb,
 volume = {67},
 issue = {15},
 pages = {153106},
 numpages = {4},
 year = {2003},
 month = {Apr},
 publisher = {American Physical Society},
 doi = {10.1103/PhysRevB.67.153106},
 url = {https://link.aps.org/doi/10.1103/PhysRevB.67.153106}
}

@article{grimme2017,
 author={Grimme, Stefan and
 Bannwarth, Christoph and
 Shushkov, Philipp},
 journal=jctc,
 year={2017},
 volume={13},
 pages={1989-2009}
}

@article{bannwarth2019,
 author = {Bannwarth, Christoph and Ehlert, Sebastian and Grimme, Stefan},
 title = {GFN2-xTB---An Accurate and Broadly Parametrized Self-Consistent Tight-Binding Quantum Chemical Method with Multipole Electrostatics and Density-Dependent Dispersion Contributions},
 journal = jctc,
 volume = {15},
 number = {3},
 pages = {1652-1671},
 year = {2019},
 doi = {10.1021/acs.jctc.8b01176}
}

@article{rezac2017,
 title = {Empirical {Self}-{Consistent} {Correction} for the {Description} of {Hydrogen} {Bonds} in {DFTB}3},
 volume = {13},
 doi = {10.1021/acs.jctc.7b00629},
 number = {10},
 journal = jctc,
 author = {{\v R}ez{\'a}{\v c}, Jan},
 month = oct,
 year = {2017},
 pages = {4804--4817},
}

@article{rezac_2012,
 title = {Advanced {Corrections} of {Hydrogen} {Bonding} and {Dispersion} for {Semiempirical} {Quantum} {Mechanical} {Methods}},
 volume = {8},
 doi = {10.1021/ct200751e},
 number = {1},
 journal = jctc,
 author = {{\v R}ez{\'a}{\v c}, Jan and Hobza, Pavel},
 year = {2012},
 pages = {141--151},
}

@article{vorlova_2015,
 title = {Malonate-based inhibitors of mammalian serine racemase: {Kinetic} characterization and structure-based computational study},
 volume = {89},
 doi = {10.1016/j.ejmech.2014.10.043},
 journal = ejmc,
 author = {Vorlov{\'a}, Barbora and Nachtigallov{\'a}, Dana and Jir{\'a}skov{\'a}-Van{\'i}{\v c}kov{\'a}, Jana and Ajani, Haresh and Jansa, Petr and {\v R}ez{\'a}{\v c}, Jan and Fanfrl{\'i}k, Jind{\v r}ich and Otyepka, Michal and Hobza, Pavel and Konvalinka, Jan and Lep{\v s}{\'i}k, Martin},
 month = jan,
 year = {2015},
 pages = {189--197},
}

@article{DRemler90,
 author = {D. K. Remler and P. A. Madden},
 title = {Molecular dynamics without effective potentials via the Car-Parrinello approach},
 journal = mp,
 year = 1990,
 volume = 70,
 pages = 921
}

@article{PPulay04,
 author = {P. Pulay and G. Fogarasi},
 title = {Fock matrix dynamics},
 journal = cpl,
 year = 2004,
 volume = 386,
 pages = 272
}

@article{ANiklasson07,
 author = {Anders M. N. Niklasson and C. J. Tymczak and M. Challacombe},
 title = {Time-reversible ab initio molecular dynamics},
 journal = jcp,
 year = 2007,
 volume = 126,
 pages = 144103
}


@article{ANiklasson08,
 author = {Anders M. N. Niklasson},
 title = {{Extended Born-Oppenheimer molecular dynamics}},
 journal = prl,
 year = 2008,
 volume = 100,
 pages = 123004
}

@article{PSteneteg10,
 author = {P. Steneteg and I. A. Abrikosov and V. Weber and A. M. N. Niklasson},
 title = {{Wave function extended Lagrangian Born-Oppenheimer molecular dynamics}},
 journal = prb,
 year = 2010,
 volume = 82,
 pages = 075110
}

@article{GZheng11,
 author = {G. Zheng and A. M. N. Niklasson and M. Karplus},
 title = {{Lagrangian formulation with dissipation of Born-Oppenheimer molecular
 dynamics using the density-functional tight-binding method}},
 journal=jcp,
 volume = 135,
 year=2011,
 pages = 044122
}

@article{MCawkwell12,
 author = {M. J. Cawkwell and A. M. N. Niklasson},
 title = {{Energy conserving, linear scaling Born-Oppenheimer molecular dynamics}},
 journal = jcp,
 year = 2012,
 volume = 137,
 pages = 134105
}

@article{JHutter12,
 author = {J. Hutter},
 title = {Car Parrinello Molecular Dynamics},
 journal = wires,
 year = 2012,
 volume = 2,
 pages = 604
}

@article{LLin14,
 author = {L. Lin and J. Lu and S. Shao},
 title = {Analysis of Time Reversible Born-Oppenheimer Molecular Dynamics},
 journal = e,
 year = 2014,
 volume = 16,
 pages =110
}

@article{MArita14,
 author = {M. Arita and D.~R.~Bowler and T Miyazaki},
 title = {Stable and Efficient Linear Scaling First-Principles Molecular Dynamics for 10000+Atoms},
 journal = jctc,
 year = 2014,
 volume = 10,
 pages = 5419
}

@article{PSouvatzis14,
 author = {P. Souvatzis and A. M. N. Niklasson},
 title = {First principles molecular dynamics without self-consistent field optimization},
 journal = jcp,
 year = 2014,
 volume = 140,
 pages = 044117
}

@article{KNomura15,
 author = {K. Nomura and P. E. Small and R. K. Kalia and A. Nakano and P. Vashista},
 title = {{An extended-Lagrangian scheme for charge equilibration in reactive molecular dynamics simulations}},
 journal = cpc,
 year = 2015,
 volume = 192,
 pages = 91
}

@article{BAradi15,
 author = {B. Aradi and A. M. N. Niklasson and Th. Frauenheim},
 title = {{Extended Lagrangian Density Functional Tight-Binding
 Molecular Dynamics for Molecules and Solids}},
 journal = jctc,
 year = 2015,
 volume = 11,
 pages = 3357
}

@article{AAlbaugh15,
 author = {A. Albaugh and O. Demardash and T. Head-Gordon},
 journal = jcp,
 year = 2015,
 volume = 143,
 pages = 174104
}

@article{ANiklasson17,
 author = {A. M. N. Niklasson},
 title = {Next generation extended Lagrangian first principles molecular dynamics},
 journal = jcp,
 year = 2017,
 volume = 147,
 pages = 054103
}

@article{CNegre16,
 author = { C. F. A. Negre and S. M. Mnizsewski and M. J. Cawkwell and N. Bock and M. E. Wall and A. M. N. Niklasson},
 title = {Recursive Factorization of the Inverse Overlap Matrix in Linear-Scaling Quantum Molecular Dynamics Simulations},
 journal = jctc,
 year = 2016,
 volume = 12,
 pages = 3063
}

@article{EMartinez15,
 author = {E. Martinez and M. J. Cawkwell and and A. F. Voter and A. M. N. Niklasson},
 title = {{Thermostating extended Lagrangian Born-Oppenheimer molecular dynamics}},
 journal = jcp,
 year = 2015,
 volume = 142,
 pages = 1770
}

@article{JBjorgaard18,
author = {Bjorgaard, J. A. and Sheppard, D. and Tretiak, S. and Niklasson, A. M. N.},
title = {{Extended Lagrangian Excited State Molecular Dynamics}},
journal = jctc,
volume = {14},
number = {2},
pages = {799-806},
year = {2018},
doi = {10.1021/acs.jctc.7b00857},
 note ={PMID: 29316401},
URL = {
 https://doi.org/10.1021/acs.jctc.7b00857
},
eprint = {
 https://doi.org/10.1021/acs.jctc.7b00857
}
}

@article{ANiklasson14,
 author = {A. M. N. Niklasson and M.J. Cawkwell},
 title = {{Generalized extended Lagrangian Born-Oppenheimer molecular dynamics}},
 journal = jcp,
 year = 2014,
 volume = 141,
 pages = 164123
}

@article{RCar85,
 author = {R. Car and M Parrinello},
 title = {Unified Approach for Molecular Dynamics and Density-Functional Theory},
 journal = prl,
 year = 1985,
 volume = 55,
 pages = 2471
}

@article{TOtsuka16,
 author={Takao Otsuka and Makoto Taiji and David R. Bowler and Tsuyoshi Miyazaki},
 title={Linear-scaling first-principles molecular dynamics of complex biological systems with the C onquest code},
 journal= jjap,
 volume={55},
 number={11},
 pages={1102B1},
 url={http://stacks.iop.org/1347-4065/55/i=11/a=1102B1},
 year={2016},
 abstract={The recent progress of linear-scaling or ##IMG## [http://ej.iop.org/images/1347-4065/55/11/1102B1/STAP09008if001.gif] {$\mathcal{O}(N)$} methods in density functional theory (DFT) is remarkable. In this paper, we show that all-atom molecular dynamics simulations of complex biological systems based on DFT are now possible using our linear-scaling DFT code C onquest . We first overview the calculation methods used in C onquest and explain the method introduced recently to realise efficient and robust first-principles molecular dynamics (FPMD) with ##IMG## [http://ej.iop.org/images/1347-4065/55/11/1102B1/STAP09008if002.gif] {$\mathcal{O}(N)$} DFT. Then, we show that we can perform reliable all-atom FPMD simulations of a hydrated DNA model containing about 3400 atoms. We also report that the velocity scaling method is both reliable and useful for controlling the temperature of the FPMD simulation of this system. From these results, we conclude that reliable FPMD simulations of complex biological systems are now possible with C onquest .}
}

@article{THirakawa17,
 author = {T. Hirakawa and T. Suzuki and D. R. Bowler and T. Myazaki},
 title = {{Canonical-ensemble extended Lagrangian Born-Oppenheimer molecular dynamics for the linear scaling density functional theory}},
 journal = jpcm,
 year = 2017,
 volume = 29,
 pages = {405901}
}

@article{LDMPeters17,
 author = {L. D. M. Peters and J. Kussmann and C. Ochsenfeld},
 title = {{Efficient and Accurate Born-Oppenheimer Molecular Dynamics for Large Molecular Systems}},
 journal = jctc,
 year = 2015,
 volume = 13,
 pages = 5479
}

@article{AOdell09,
 author = {A. Odell and A. Delin and B. Johansson and N. Bock and M. Challacombe and A. M. N. Niklasson},
 title = {{Higher-order symplectic integration in Born-Oppenheimer molecular dynamics}},
 journal = jcp,
 year = 2009,
 volume = 131,
 pages = 244106
}

@article{AOdell11,
 author = {A. Odell and A. Delin and B. Johansson and M. J. Cawkwell and A. M. N. Niklasson},
 journal = jcp,
 year = 2011,
 volume = 135,
 pages = 224105
}

@article{ANiklasson16,
 author = {A. M. N. Niklasson and S. M. Mnizsewski and C. F. A. Negre and M. J. Cawkwell
 and P. J. Swart and J. Mohd-Yusof and T. C. Germann and M. E. Wall and N. Bock
 and E. H. Rubensson and H. Djidjev},
 title = {Graph-based linear scaling electronic structure theory},
 journal = jcp,
 year = 2016,
 volume = 144,
 pages = 234101
}

@article{ANiklasson09,
 author = {A. M. N. Niklasson and Peter Steneteg and Anders Odell and Nicolas Bock and
 Matt Challacombe and C. J. Tymczak and Erik Holmstrom and Guishan Zheng and Valery Weber},
 title = {{Extended Lagrangian Born-Oppenheimer molecular dynamics with dissipation}},
 journal = jcp,
 year = 2009,
 volume = 130,
 pages = 214109
}

@article{Kazaryan2008,
 author="Andranik Kazaryan and Jeroen Heuver and Michael Filatov",
 title="Excitation Energies from Spin-Restricted Ensemble-Referenced Kohn-Sham Method: A State-Average Approach",
 journal= jpca,
 volume="112",
 pages="12980-12988",
 year="2008"
}

@article{Filatov2015,
 author="Michael Filatov",
 title="Spin-restricted ensemble-referenced Kohn-Sham method: basic principles and application to strongly correlated ground and excited states of molecules",
 journal=wires,
 volume="5",
 pages="146-167",
 year="2015"
}

@inbook{Filatov2016,
 author="Michael Filatov",
 editor="Nicolas Ferre and Michael Filatov and Miquel Huix-Rotllant",
 title="Density-functional methods for excited states",
 series="Topics in Current Chemistry",
 volume="368",
 pages="97-124",
 year="2016",
 publisher="Springer: Heidelberg"
}

@article{Filatov1999,
 author="Michael Filatov and Sason Shaik",
 title="A spin-restricted ensemble-referenced Kohn-Sham method and its application to diradicaloid situations",
 journal=cpl,
 volume="304",
 pages="429-437",
 year="1999"
}

@article{Moreira2007,
 author="Iberio de P. R. Moreira and Ramon Costa and Michael Filatov and Francesc Illas",
 title="Restricted Rnsemble-Referenced Kohn-Sham versus Broken Symmetry Approaches in Density Functional Theory: Magnetic Coupling in Cu Binuclear Complexes",
 journal=jctc,
 volume="3",
 pages="764-774",
 year="2007"
}

@article{Filatov2017,
 author="Michael Filatov and Fang Liu and Todd J. Martinez",
 title="Analytical derivatives of the individual state energies in ensemble density functional theory method. 1. General formalism",
 journal= jcp,
 volume="147",
 pages="034113",
 year="2017"
}

@article{Lee19,
 author = {I. S. Lee and M. Filatov and S. K. Min},
 title = {Formulation and Implementation of the Spin-Restricted Ensemble-Referenced Kohn-Sham Method
 in the Context of the Density Functional Tight Binding Approach},
 journal = jctc,
 year = 2019,
 volume = 15,
 pages = {3021--3032}
}

@article{dl_poly2006,
 title={{DL}\_{POLY}\_3: new dimensions in molecular dynamics simulations via massive parallelism},
 author={Todorov, Ilian T and Smith, William and Trachenko, Kostya and Dove, Martin T},
 journal=jmc,
 volume={16},
 number={20},
 pages={1911--1918},
 year={2006},
 publisher={Royal Society of Chemistry}
}

@article{RN3,
 author = {Alessandro, Barducci and Massimiliano, Bonomi and Michele, Parrinello},
 title = {Metadynamics},
 journal = wircms,
 volume = {1},
 number = {5},
 pages = {826-843},
 DOI = {doi:10.1002/wcms.31},
 url = {https://onlinelibrary.wiley.com/doi/abs/10.1002/wcms.31
https://onlinelibrary.wiley.com/doi/pdf/10.1002/wcms.31},
 year = {2011},
 type = {Journal Article}
}

@article{RN2,
 author = {Alessandro, Laio and Francesco, L. Gervasio},
 title = {Metadynamics: a method to simulate rare events and reconstruct the free energy in biophysics, chemistry and material science},
 journal = rpp,
 volume = {71},
 number = {12},
 pages = {126601},
 ISSN = {0034-4885},
 url = {http://stacks.iop.org/0034-4885/71/i=12/a=126601
http://iopscience.iop.org/article/10.1088/0034-4885/71/12/126601/pdf},
 year = {2008},
 type = {Journal Article}
}

@article{RN13,
 author = {Barducci, Alessandro and Bonomi, Massimiliano and Parrinello, Michele},
 title = {Metadynamics},
 journal = wircms,
 volume = {1},
 number = {5},
 pages = {826-843},
 ISSN = {17590876},
 DOI = {10.1002/wcms.31},
 url = {https://onlinelibrary.wiley.com/doi/abs/10.1002/wcms.31
https://onlinelibrary.wiley.com/doi/pdf/10.1002/wcms.31},
 year = {2011},
 type = {Journal Article}
}

@article{RN17,
 author = {Barducci, A. and Bussi, G. and Parrinello, M.},
 title = {Well-tempered metadynamics: a smoothly converging and tunable free-energy method},
 journal = prl,
 volume = {100},
 number = {2},
 pages = {020603},
 ISSN = {0031-9007 (Print)
0031-9007 (Linking)},
 DOI = {10.1103/PhysRevLett.100.020603},
 url = {https://www.ncbi.nlm.nih.gov/pubmed/18232845},
 year = {2008},
 type = {Journal Article}
}

@article{RN11,
 author = {Bussi, G. and Gervasio, F. L. and Laio, A. and Parrinello,
                  M.},
 title = {Free-energy landscape for beta hairpin folding from combined
                  parallel tempering and metadynamics},
 journal = jacs,
 volume = {128},
 number = {41},
 pages = {13435-41},
 ISSN = {0002-7863 (Print)
0002-7863 (Linking)},
 DOI = {10.1021/ja062463w},
 url = {https://www.ncbi.nlm.nih.gov/pubmed/17031956},
 year = {2006},
 type = {Journal Article}
}

@article{RN12,
 author = {Ensing, B. and De Vivo, M. and Liu, Z. and Moore, P. and Klein, M. L.},
 title = {Metadynamics as a tool for exploring free energy landscapes of chemical reactions},
 journal = acr,
 volume = {39},
 number = {2},
 pages = {73-81},
 ISSN = {0001-4842 (Print)
0001-4842 (Linking)},
 DOI = {10.1021/ar040198i},
 url = {https://www.ncbi.nlm.nih.gov/pubmed/16489726},
 year = {2006},
 type = {Journal Article}
}

@article{RN5,
 author = {Hooft, Rob W. W. and van Eijck, Bouke P. and Kroon, Jan},
 title = {An adaptive umbrella sampling procedure in conformational analysis using molecular dynamics and its application to glycol},
 journal = jcp,
 volume = {97},
 number = {9},
 pages = {6690-6694},
 DOI = {doi:http://dx.doi.org/10.1063/1.463947},
 url = {http://scitation.aip.org/content/aip/journal/jcp/97/9/10.1063/1.463947
http://scitation.aip.org/docserver/fulltext/aip/journal/jcp/97/9/1.463947.pdf?expires=1456810717&id=id&accname=2097006&checksum=02910DCABBACE0E938BFD3B42EF985F3},
 year = {1992},
 type = {Journal Article}
}

@article{RN1,
 author = {Laio, Alessandro and Parrinello, Michele},
 title = {Escaping free-energy minima},
 journal = pnas,
 volume = {99},
 number = {20},
 pages = {12562-12566},
 DOI = {10.1073/pnas.202427399},
 url = {http://www.pnas.org/content/pnas/99/20/12562.full.pdf},
 year = {2002},
 type = {Journal Article}
}

@article{RN10,
 author = {Miron, Radu A. and Fichthorn, Kristen A.},
 title = {Accelerated molecular dynamics with the bond-boost method},
 journal = jcp,
 volume = {119},
 number = {12},
 pages = {6210-6216},
 DOI = {doi:http://dx.doi.org/10.1063/1.1603722},
 url = {http://scitation.aip.org/content/aip/journal/jcp/119/12/10.1063/1.1603722
http://scitation.aip.org/docserver/fulltext/aip/journal/jcp/119/12/1.1603722.pdf?expires=1458775718&id=id&accname=2097006&checksum=A1001BA8F6B0BCE37465341700509B4D},
 year = {2003},
 type = {Journal Article}
}

@article{RN16,
 author = {Mitchell, I. and Aradi, B. and Page, A. J.},
 title = {Density functional tight binding-based free energy simulations in the DFTB+ program},
 journal = jcc,
 volume = {39},
 number = {29},
 pages = {2452-2458},
 ISSN = {1096-987X (Electronic)
0192-8651 (Linking)},
 DOI = {10.1002/jcc.25583},
 url = {https://www.ncbi.nlm.nih.gov/pubmed/30238475},
 year = {2018},
 type = {Journal Article}
}

@article{RN6,
 author = {Samuelson, S. O. and Martyna, G. J.},
 title = {Two dimensional umbrella sampling techniques for the computer simulation study of helical peptides at thermal equilibrium: The 3K(I) peptide in vacuo and solution},
 journal = jcp,
 volume = {109},
 number = {24},
 pages = {11061-11073},
 DOI = {doi:http://dx.doi.org/10.1063/1.477795},
 url = {http://scitation.aip.org/content/aip/journal/jcp/109/24/10.1063/1.477795
http://scitation.aip.org/docserver/fulltext/aip/journal/jcp/109/24/1.477795.pdf?expires=1456810728&id=id&accname=2097006&checksum=F5E7171BFAB2C1A4F77CA94AB42E2330},
 year = {1998},
 type = {Journal Article}
}

@article{RN14,
 author = {Sutto, Ludovico and Marsili, Simone and Gervasio, Francesco Luigi},
 title = {New advances in metadynamics},
 journal = wircms,
 volume = {2},
 number = {5},
 pages = {771-779},
 ISSN = {17590876},
 DOI = {10.1002/wcms.1103},
 url = {https://onlinelibrary.wiley.com/doi/abs/10.1002/wcms.1103
https://onlinelibrary.wiley.com/doi/pdf/10.1002/wcms.1103},
 year = {2012},
 type = {Journal Article}
}

@article{RN8,
 author = {Torrie, G. M. and Valleau, J. P.},
 title = {Nonphysical sampling distributions in Monte Carlo
                  free-energy estimation: Umbrella sampling},
 journal = jcop,
 volume = {23},
 number = {2},
 pages = {187-199},
 ISSN = {0021-9991},
 DOI = {http://dx.doi.org/10.1016/0021-9991(77)90121-8},
 url = {http://www.sciencedirect.com/science/article/pii/0021999177901218},
 year = {1977},
 type = {Journal Article}
}

@article{RN15,
 author = {Tribello, G. A. and Bonomi, M. and Branduardi, D. and Camilloni, C. and Bussi, G.},
 title = {PLUMED 2: New feathers for an old bird},
 journal = cpc,
 volume = {185},
 number = {2},
 pages = {604-613},
 ISSN = {0010-4655},
 DOI = {10.1016/j.cpc.2013.09.018},
 url = {<Go to ISI>://WOS:000329537500020},
 year = {2014},
 type = {Journal Article}
}

@article{RN9,
 author = {Voter, Arthur F.},
 title = {Hyperdynamics: Accelerated Molecular Dynamics of Infrequent Events},
 journal = prl,
 volume = {78},
 number = {20},
 pages = {3908-3911},
 url = {http://link.aps.org/doi/10.1103/PhysRevLett.78.3908},
 year = {1997},
 type = {Journal Article}
}

@article{RN4,
 author = {Voter, Arthur F.},
 title = {Parallel replica method for dynamics of infrequent events},
 journal = prb,
 volume = {57},
 number = {22},
 pages = {R13985-R13988},
 url = {http://link.aps.org/doi/10.1103/PhysRevB.57.R13985},
 year = {1998},
 type = {Journal Article}
}

@article{RN7,
 author = {Warmflash, Aryeh and Bhimalapuram, Prabhakar and Dinner, Aaron R.},
 title = {Umbrella sampling for nonequilibrium processes},
 journal = jcp,
 volume = {127},
 number = {15},
 pages = {154112},
 DOI = {doi:http://dx.doi.org/10.1063/1.2784118},
 url = {http://scitation.aip.org/content/aip/journal/jcp/127/15/10.1063/1.2784118
http://scitation.aip.org/docserver/fulltext/aip/journal/jcp/127/15/1.2784118.pdf?expires=1456810708&id=id&accname=2097006&checksum=CCDFC3D69E47BC848C610E3F2D3F85D2},
 year = {2007},
 type = {Journal Article}
}

@article{Dreuw2004,
 author = {Dreuw, A. and Head-Gordon, M.},
 title = {Failure of time-dependent density functional theory for long-range charge-transfer excited states: the zincbacteriochlorin-bacteriochlorin and bacteriochlorophyll-spheroidene complexes},
 journal = jacs,
 volume = {126},
 pages = {4007--4016},
 year = {2004}
}

@article{Gilbert2008,
 author = {Gilbert, A.~T.~B. and Besley, N.~A. and Gill, P.~M.},
 title = {Self-consistent field calculations of excited states using the maximum overlap method (MOM)},
 journal = jpca,
 volume = {112},
 pages = {13164--13171},
 year = {2008}
}

@article{Kowalczyk2016,
 author = {Kowalczyk, T. and Le, K. and Irle, S.},
 title = {Self-consistent optimization of excited states within density-functional tight-binding},
 journal = jctc,
 volume = {12},
 pages = {313--323},
 year = {2016}
}

@article{Kowalczyk2011,
 author={Kowalczyk, T. and Yost, S.~R. and Van Voorhis, T.},
 title={Assessment of the {$\Delta$SCF} density functional theory approach for electronic excitations in organic dyes},
 journal=jcp,
 volume={134},
 pages={054128},
 year={2011}
}

@article{Ziegler1977,
 author = {Ziegler, T. and Rauk, A. and Baerends, E.~J.},
 journal= tca,
 volume = {43},
 pages = {261--271},
 year = {1977},
 title = {Calculation of multiplet energies by the Hartree-Fock-Slater method}
}

@article{elpa_marek_2014,
author={A Marek and V Blum and R Johanni and V Havu and B Lang and T Auckenthaler and A Heinecke and H J Bungartz and H Lederer},
title={The {ELPA} library: Scalable parallel eigenvalue solutions for electronic structure theory and computational science},
journal=jpcm,
volume={26},
pages={213201},
year={2014}
}

@inproceedings{2stage_bischof_1994,
author={Christian Bischof and Xiaobai Sun and Bruno Lang},
booktitle={Proceedings of {IEEE} Scalable High Performance Computing Conference},
title={Parallel tridiagonalization through two-step band reduction},
year={1994},
pages={23-27}
}

@article{slepc_hernandez_2005,
author={Vicente Hernandez and Jose E Roman and Vicente Vidal},
title={{SLEPc}: A scalable and flexible toolkit for the solution of eigenvalue problems},
journal=toms,
volume={31},
pages={351-362},
year={2005}
}

@article{elsi_yu_2018,
author={Victor {Wen}-{zhe} Yu and Fabiano Corsetti and Alberto Garc\'{i}a and William P Huhn and Mathias Jacquelin and Weile Jia and Bj\"{o}rn Lange and Lin Lin and Jianfeng Lu and Wenhui Mi and Ali Seifitokaldani and \'{A}lvaro V\'{a}zquez-Mayagoitia and Chao Yang and Haizhao Yang and Volker Blum},
title={{ELSI}: A unified software interface for {Kohn-Sham} electronic structure solvers},
journal= cpc,
volume ={222},
pages={267-285},
year={2018}
}

@article{magma_dongarra_2014,
title={Accelerating numerical dense linear algebra calculations with {GPUs}},
author={Jack Dongarra and Mark Gates and Azzam Haidar and Jakub Kurzak and Piotr Luszczek and Stanimire Tomov and Ichitaro Yamazaki},
journal=ncg,
pages={1-26},
year={2014},
publisher={Springer}
}

@article{eigenexa_imamura_2011,
author={Toshiyuki Imamura and Susumu Yamada and Masahiko Machida},
title={Development of a high-Performance eigensolver on a peta-scale next-generation supercomputer system},
journal=pnst,
volume={2},
pages={643-650},
year={2011}
}

@article{ntpoly_dawson_2018,
title={Massively parallel sparse matrix function calculations with {NTPoly}},
journal= cpc,
volume={225},
pages={154-165},
year={2018},
author={William Dawson and Takahito Nakajima}
}

@article{libomm_corsetti_2014,
title={The orbital minimization method for electronic structure calculations with finite-range atomic basis sets},
journal= cpc,
volume={185},
pages={873-883},
year={2014},
author={Fabiano Corsetti}
}

@article{pexsi_lin_2013,
author={Lin Lin and Mohan Chen and Chao Yang and Lixin He},
title={Accelerating atomic orbital-based electronic structure calculation via pole expansion and selected inversion},
journal=jpcm,
volume={25},
pages={295501},
year={2013}
}

@article{mrrr_vomel_2010,
title={{ScaLAPACK's} {MRRR} algorithm},
author={Christof V{\"o}mel},
journal=toms,
volume={37},
pages={1},
year={2010}
}

@article{dc_tisseur_1999,
title={A parallel divide and conquer algorithm for the symmetric
                  eigenvalue problem on distributed memory
                  architectures},
author={Fran{\c{c}}oise Tisseur and Jack Dongarra},
journal=sic,
volume={20},
pages={2223-2236},
year={1999}
}


@article{elpa_kus_2019,
title={Optimizations of the eigensolvers in the {ELPA} library},
journal=pcom,
volume={85},
pages={167-177},
year={2019},
author={P K{\r{u}}s and A Marek and S S K\"{o}cher and H-H Kowalski and C Carbogno and Ch Scheurer and K Reuter and M Scheffler and H Lederer}
}

@article{elpa_cook_2018,
author={Brandon Cook and Thorsten Kurth and Jack Deslippe and Pierre Carrier and Nick Hill and Nathan Wichmann},
title={Eigensolver performance comparison on {Cray XC} systems},
journal=cc,
pages={e4997},
year={2018}
}

@book{scalapack_blackford_1997,
title={{ScaLAPACK} users' guide},
author={L Susan Blackford and Jaeyoung Choi and Andy Cleary and Eduardo DAzevedo and James Demmel and Inderjit Dhillon and Jack Dongarra and Sven Hammarling and Greg Henry and Antoine Petitet and others},
year={1997},
publisher={SIAM}
}

@misc{mkl_arturov_2018,
author={Konstantin Arturov},
title={{Intel Math Kernel Library (Intel MKL)} 2018 update 2 {ScaLAPACK} symmetric eigensolver enhancements},
howpublished={https://software.intel.com/en-us/articles/intel-math-kernel-library-intel-mkl-2018-update-2-scalapack-symmetric-eigensolver},
year={Accessed: 2019-11-17}
}

@article{Plumed1,
author = {Massimiliano Bonomi and Davide Branduardi and Giovanni Bussi and Carlo Camilloni and Davide Provasi and Paolo Raiteri and Davide Donadio and Fabrizio Marinelli and Fabio Pietrucci and Ricardo A. Broglia and Michele Parrinello},
title = "{PLUMED}: A portable plugin for free-energy calculations with molecular dynamics",
journal = cpc,
volume = "180",
number = "10",
pages = "1961-1972",
year = "2009",
doi = "10.1016/j.cpc.2009.05.011",
}

@article{Plumed2,
 author = {Tribello, G. A. and Bonomi, M. and Branduardi, D. and Camilloni, C. and Bussi, G.},
 title = {{PLUMED 2}: New feathers for an old bird},
 journal = cpc,
 volume = {185},
 number = {2},
 pages = {604-613},
 DOI = {10.1016/j.cpc.2013.09.018},
 year = {2014},
}

@article{Plumed3,
author = {Massimiliano Bonomi and Giovanni Bussi and Carlo Camilloni and Gareth A. Tribello and Pavel Banáš and Alessandro Barducci and Mattia Bernetti and Peter G. Bolhuis and Sandro Bottaro and Davide Branduardi and Riccardo Capelli and Paolo Carloni and Michele Ceriotti and Andrea Cesari and Haochuan Chen and Wei Chen and Francesco Colizzi and Sandip De and Marco {De La Pierre} and Davide Donadio and Viktor Drobot and Bernd Ensing and Andrew L. Ferguson and Marta Filizola and James S. Fraser and Haohao Fu and Piero Gasparotto and Francesco Luigi Gervasio and Federico Giberti and Alejandro Gil-Ley and Toni Giorgino and Gabriella T. Heller and Glen M. Hocky and Marcella Iannuzzi and Michele Invernizzi and Kim E. Jelfs and Alexander Jussupow and Evgeny Kirilin and Alessandro Laio and Vittorio Limongelli and Kresten Lindorff-Larsen and Thomas Löhr and Fabrizio Marinelli and Layla Martin-Samos and Matteo Masetti and Ralf Meyer and Angelos Michaelides and Carla Molteni and Tetsuya Morishita and Marco Nava and Cristina Paissoni and Elena Papaleo and Michele Parrinello and Jim Pfaendtner and Pablo Piaggi and GiovanniMaria Piccini and Adriana Pietropaolo and Fabio Pietrucci and Silvio Pipolo and Davide Provasi and David Quigley and Paolo Raiteri and Stefano Raniolo and Jakub Rydzewski and Matteo Salvalaglio and Gabriele Cesare Sosso and Vojtěch Spiwok and Jiří Šponer and David W. H. Swenson and Pratyush Tiwary and Omar Valsson and Michele Vendruscolo and Gregory A. Voth and Andrew White},
title = {Promoting transparency and reproducibility in enhanced molecular simulations},
journal = nm,
volume = {16},
pages = {670-673},
year = {2019},
doi = {:10.1038/s41592-019-0506-8},
}

@article{Gromacs1,
title = "{GROMACS}: A message-passing parallel molecular dynamics implementation",
journal = cpc,
volume = "91",
number = "1",
pages = "43-56",
year = "1995",
doi = "10.1016/0010-4655(95)00042-E",
author = "H. J. C. Berendsen and D. {van der Spoel} and R. {van Drunen}",
}

@Article{Gromacs2,
author="Lindahl, Erik and Hess, Berk and {van der Spoel}, David",
title="{GROMACS} 3.0: a package for molecular simulation and trajectory analysis",
journal=jmm,
year="2001",
volume="7",
number="8",
pages="306-317",
doi="10.1007/s008940100045",
}

@article{Gromacs3,
author = {{van der Spoel}, David and Lindahl, Erik and Hess, Berk and Groenhof, Gerrit and Mark, Alan E. and Berendsen, Herman J. C.},
title = {{GROMACS}: Fast, flexible, and free},
journal = jcc,
volume = {26},
number = {16},
pages = {1701-1718},
doi = {10.1002/jcc.20291},
year = {2005}
}

@article{Gromacs4,
author = {Hess, Berk and Kutzner, Carsten and {van der Spoel}, David and Lindahl, Erik},
title = {{GROMACS} 4: Algorithms for Highly Efficient, Load-Balanced, and Scalable Molecular Simulation},
journal = jctc,
volume = {4},
number = {3},
pages = {435-447},
year = {2008},
doi = {10.1021/ct700301q},
}

@article{Gromacs5,
 author = {Pronk, Sander and Páll, Szilárd and Schulz, Roland and Larsson, Per and Bjelkmar, Pär and Apostolov, Rossen and Shirts, Michael R. and Smith, Jeremy C. and Kasson, Peter M. and {van der Spoel}, David and Hess, Berk and Lindahl, Erik},
 title = "{{GROMACS} 4.5: a high-throughput and highly parallel open source molecular simulation toolkit}",
 journal = bi,
 volume = {29},
 number = {7},
 pages = {845-854},
 year = {2013},
 doi = {10.1093/bioinformatics/btt055},
}

@InProceedings{Gromacs6,
author="P{\'a}ll, Szil{\'a}rd and Abraham, Mark James and Kutzner, Carsten and Hess, Berk and Lindahl, Erik",
editor="Markidis, Stefano and Laure, Erwin",
title="Tackling Exascale Software Challenges in Molecular Dynamics Simulations with {GROMACS}",
booktitle="Solving Software Challenges for Exascale",
year="2015",
pages="3--27"
}

@article{Gromacs7,
title = "{GROMACS}: High performance molecular simulations through multi-level parallelism from laptops to supercomputers",
journal = sx,
volume = "1-2",
pages = "19-25",
year = "2015",
doi = "10.1016/j.softx.2015.06.001",
author = "Mark James Abraham and Teemu Murtola and Roland Schulz and Szilárd Páll and Jeremy C. Smith and Berk Hess and Erik Lindahl"
}

@article{TOMOV2010232,
title = "Towards dense linear algebra for hybrid GPU accelerated manycore systems",
journal = pcom,
volume = "36",
number = "5",
pages = "232 - 240",
year = "2010",
note = "Parallel Matrix Algorithms and Applications",
issn = "0167-8191",
doi = "https://doi.org/10.1016/j.parco.2009.12.005",
url = "http://www.sciencedirect.com/science/article/pii/S0167819109001276",
author = "Stanimire Tomov and Jack Dongarra and Marc Baboulin",
}

@misc{libmbd,
 author = {Jan Hermann},
 title = {Libmbd software library},
 month = Oct,
 year = {Accessed: 2019-12-15},
 doi = {10.5281/zenodo.3523101},
 howpublished = {{https://github.com/jhrmnn/libmbd/}}
}


@article{reimers2007,
 title = {The green's function density functional tight-binding ({gDFTB}) method for molecular electronic conduction},
 volume = {111},
 issn = {1089-5639},
 doi = {10.1021/jp070598y},
 language = {English},
 number = {26},
 journal = jpca,
 author = {Reimers, Jeffrey R. and Solomon, Gemma C. and Gagliardi, Alessio and Bilic, Ante and Hush, Noel S. and Frauenheim, Thomas and Di Carlo, Aldo and Pecchia, Alessandro},
 month = jul,
 year = {2007},
 note = {232nd National Meeting of the American-Chemical-Society, San Francisco, CA, SEP 10-14, 2006},
 pages = {5692--5702}
}

@article{latessa2005,
 title = {Negative quantum capacitance of gated carbon nanotubes},
 author = {Latessa, L. and Pecchia, A. and Di Carlo, A. and Lugli, P.},
 journal = prb,
 volume = {72},
 issue = {3},
 pages = {035455},
 numpages = {5},
 year = {2005},
 month = {Jul},
 publisher = {American Physical Society},
 doi = {10.1103/PhysRevB.72.035455},
 url = {https://link.aps.org/doi/10.1103/PhysRevB.72.035455}
}

@article{penazzi2013,
 title = {Atomistic modeling of charge transport across a carbon nanotube-polyethylene junction.},
 volume = {117},
 journal = jpcc,
 author = {Penazzi, G. and Carlsson, J. M. and Diedrich, C. and Olf, G. and Pecchia, A. and Frauenheim, T.},
 year = {2013},
 pages = {8020--8027}
}

@article{sun2015,
title={Strongly constrained and appropriately normed semilocal density functional},
author={Sun, J. and Ruzsinszky, A. and Perdew, J. P.},
journal=prl,
volume={115},
pages={036402},
year={2015},
}
@article{sure2015,
 author = {Rebecca Sure and Stefan Grimme},
 doi = {10.1021/acs.jctc.5b00296},
 journal = jctc,
 pages = {3785–3801},
 title = {{Comprehensive Benchmark of Association (Free)
 Energies of Realistic Host–Guest Complexes}},
 volume = {11},
 year = {2015}
}
@article{brandenburg2018,
 author = {Jan Gerit Brandenburg and Christoph Bannwarth and Andreas Hansen and Stefan Grimme},
 doi = {10.1063/1.5012601},
 journal = jcp,
 pages = {064104},
 title = {{B97-3c: A revised low-cost variant of the B97-D density functional method}},
 volume = {148},
 year = {2018}
}
@ARTICLE{ohno1964,
 author = {K. Ohno},
 journal = tca,
 year = {1964},
 volume = {2},
 pages = {219},
 title = {{Some Remarks on the Pariser-Parr-Pople Method}},
}

@ARTICLE{klopman1964,
 author = {G. Klopman},
 journal = jacs,
 year = {1964},
 volume = {86},
 pages = {4450},
 title = {{A Semiempirical Treatment of Molecular Structures. II. Molecular Terms and Application to Diatomic Molecules}},
}

@ARTICLE{mataga1957,
 author = {K. Nishimoto and N. Mataga},
 journal = zpc,
 year = {1957},
 volume = {12},
 pages = {335--338},
 title = {{Electronic Structure and Spectra of Some Nitrogen Heterocycles}},
}

@article{Bonafe2018,
author = {Bonaf{\'{e}}, Franco P. and Hern{\'{a}}ndez, Federico J. and Aradi, B{\'{a}}lint and Frauenheim, Thomas and S{\'{a}}nchez, Cristi{\'{a}}n G.},
journal = jpcl,
number = {15},
pages = {4355},
title = {{Fully Atomistic Real-Time Simulations of Transient Absorption Spectroscopy}},
volume = {9},
year = {2018}
}

@article{Bonafe2017a,
author = {Bonaf{\'{e}}, Franco P. and Aradi, B{\'{a}}lint and Guan, Mengxue and Douglas-Gallardo, Oscar A. and Lian, Chao and Meng, Sheng and Frauenheim, Thomas and S{\'{a}}nchez, Cristi{\'{a}}n G.},
journal = ns,
number = {34},
pages = {12391},
title = {{Plasmon-driven sub-picosecond breathing of metal nanoparticles}},
volume = {9},
year = {2017}
}

@article{Niehaus:2005da,
author = {Niehaus, T A and Heringer, D and Torralva, B and Frauenheim, Th},
journal = epjd,
number = {3},
pages = {467},
title = {{Importance of electronic self-consistency in the TDDFT based treatment of nonadiabatic molecular dynamics}},
volume = {35},
year = {2005}
}

@article{Lin2009d,
author = {Lin, Zhibin and Allen, Roland E.},
journal = jpcm,
number = {48},
pages = {485503},
title = {{Ultrafast equilibration of excited electrons in dynamical simulations}},
volume = {21},
year = {2009}
}

@article{Todorov:2001ex,
author = {Todorov, T N},
journal = jpcm,
number = {45},
pages = {10125},
title = {{Time-dependent tight binding}},
volume = {13},
year = {2001}
}

}
@article{Hernandez2019,
author = {Hern{\'{a}}ndez, Federico J. and Bonaf{\'{e}}, Franco P. and Aradi, B{\'{a}}lint and Frauenheim, Thomas and S{\'{a}}nchez, Cristi{\'{a}}n G.},
journal = jpca,
number = {10},
pages = {2065--2072},
title = {{Simulation of Impulsive Vibrational Spectroscopy}},
volume = {123},
year = {2019}
}


@Article{larsen-jpcm-2017,
 author = {Ask Hjorth Larsen and Jens Jørgen Mortensen and Jakob Blomqvist and
 Ivano E. Castelli and Rune Christensen and Marcin Dułak and Jesper Friis and
 Michael N. Groves and Bjørk Hammer and Cory Hargus and Eric D. Hermes and
 Paul C. Jennings and Peter Bjerre Jensen and James Kermode and John R. Kitchin and
 Esben Leonhard Kolsbjerg and Joseph Kubal and Kristen Kaasbjerg and
 Steen Lysgaard and Jón Bergmann Maronsson and Tristan Maxson and Thomas Olsen and
 Lars Pastewka and Andrew Peterson and Carsten Rostgaard and Jakob Schiøtz and
 Ole Schütt and Mikkel Strange and Kristian S. Thygesen and Tejs Vegge and
 Lasse Vilhelmsen and Michael Walter and Zhenhua Zeng and Karsten Wedel Jacobsen},
 title = {The Atomic Simulation Environment—A Python library for working with atoms},
 journal = jpcm,
 year = {2017},
 volume = {29},
 pages = {273002},
}


@Misc{dftbplus-repo,
 title = {{DFTB+} software package},
 year = {Accessed: 2021-11-25},
 howpublished = {{https://github.com/dftbplus/dftbplus}}
}

@Misc{saydx-repo,
title = {The {S}cientific {A}rra{Y} {D}ata {EX}change library},
year = {Accessed: 2020-2-23},
howpublished = {{https://github.com/saydx}}
}

@article{ElstnerChemRev,
 Author = {A.Christensen and T. Kubar and Q. Cui and
 M. Elstner},
 Date-Added = {2013-07-15 13:51:40 -0400},
 Date-Modified = {2013-07-15 13:53:14 -0400},
 journal = cr,
 Pages = {5301},
 Title = {Semiempirical Quantum Mechanical Methods for
 Noncovalent Interactions for Chemical and
 Biochemical Applications},
 Volume = {116},
 Year = {2016}}

@article{ElstnerSeifertBBA2014,
 Author = {M. Elstner and G. Seifert},
 Date-Added = {2013-07-15 13:51:40 -0400},
 Date-Modified = {2013-07-15 13:53:14 -0400},
 journal = ptra,
 Pages = {20120483},
 Title = {Density Functional Tight Binding},
 Volume = {372},
 Year = {2014}}

@article{Kubas2014,
 Author = {A Kubas and F. Hoffmann and A. Heck and H.
 Oberhofer and M. Elstner and J. Blumberger},
 Date-Added = {2013-07-15 13:51:40 -0400},
 Date-Modified = {2013-07-15 13:53:14 -0400},
 journal = cr,
 Pages = {104105},
 Title = {Electronic couplings for molecular charge transfer:
 Benchmarking CDFT, FODFT, and FODFTB against
 high-level ab initio calculations},
 Volume = {104},
 Year = {2014}}

@article{GrimmeAC2013,
 Author = {S. Grimme},
 Date-Added = {2013-07-15 13:51:40 -0400},
 Date-Modified = {2013-07-15 13:53:14 -0400},
 journal = anie,
 Pages = {6306-6312},
 Title = {Towards First Principles Calculation of Electron
 Impact Mass Spectra of Molecule},
 Volume = {52},
 Year = {2013}}

@article{Oliviera2009,
 Author = {A. Oliviera and G. Seifert and T. Heine and
 H. Duarte},
 Date-Added = {2013-07-12 14:39:52 -0400},
 Date-Modified = {2013-07-12 14:42:11 -0400},
 journal = jbcs,
 Number = {1193-1205},
 Title = {Density-Functional Base Tight-Binding: and
 Approximate \mbox{DFT} Method},
 Volume = {20},
 Year = {2009}}


@article{Goringe1997,
 Author = {Goringe, C.M. and Bowler, D.R. and Herna{\`I}ndez, E.},
 Date-Added = {2013-03-16 12:42:00 +0100},
 Date-Modified = {2013-03-16 12:53:34 +0100},
 journal = rpp,
 Number = {12},
 Pages = {1447-1512},
 Title = {Tight-binding modelling of materials},
 Volume = {60},
 Year = {1997}}

@article{PM6,
 Author = {J. Stewart},
 Date-Added = {2013-03-16 12:40:11 +0100},
 Date-Modified = {2013-03-16 12:40:48 +0100},
 journal = jmm,
 Pages = {1173-1213},
 Volume = {13},
 Year = {2007}}

@article{Heine2005,
 Author = {Zhechkov, L. and Heine,T. and Patchkovski, S. and Seifert, G. and Duarte, H.},
 Date-Added = {2013-03-01 14:48:07 +0100},
 Date-Modified = {2013-03-01 14:49:24 +0100},
 journal = jctc,
 Pages = {841-847},
 Volume = {1},
 Year = {2005}}

@article{Grimme2010D3,
 Author = {Grimme,S. and Antony, J. and Ehrlich, S. and Krieg, H.},
 Date-Added = {2013-03-01 14:45:07 +0100},
 Date-Modified = {2013-03-01 14:46:15 +0100},
 journal = jcp,
 Number = {154104},
 Pages = {154104},
 Volume = {132},
 Year = {2010}}

@article{Goldman2011,
 Author = {Goldman, N. and Fried, L. E.},
 Date-Added = {2013-03-01 14:31:17 +0100},
 Date-Modified = {2013-03-01 14:37:15 +0100},
 journal = jpcc,
 Pages = {2198-22044},
 Volume = {116},
 Year = {2011}}

@article{Gaus2012,
 Author = {Gaus, M. and Goez, A. and Elstner, M},
 Date-Added = {2013-03-01 14:17:50 +0100},
 Date-Modified = {2013-03-01 14:19:32 +0100},
 journal = jctc,
 Pages = {338},
 Volume = {9},
 Year = {2012}}

@article{Roy2012,
 Author = {Islam, S. and Roy, P.-N.},
 Date-Added = {2013-03-01 11:08:10 +0100},
 Date-Modified = {2013-03-01 11:09:00 +0100},
 journal = jctc,
 Pages = {2412-2423},
 Volume = {8},
 Year = {2012}}

@article{Barnett2011,
 Author = {Barnett, C. and Wilkinson, K. and Naidoo, K.},
 Date-Added = {2013-03-01 11:02:00 +0100},
 Date-Modified = {2013-03-01 11:03:16 +0100},
 journal = jacs,
 Pages = {19474-19482},
 Volume = {133},
 Year = {2011}}

@article{Barnett2010b,
 Author = {Barnett, C. and Wilkinson, K. and Naidoo, K.},
 Date-Added = {2013-03-01 11:00:48 +0100},
 Date-Modified = {2013-03-01 11:01:53 +0100},
 journal = jacs,
 Pages = {12800-12803},
 Volume = {132},
 Year = {2010}}

@article{Barnett2010,
 Author = {Barnett, C. and Naidoo, K.},
 Date-Added = {2013-03-01 10:57:13 +0100},
 Date-Modified = {2013-03-01 10:59:13 +0100},
 journal = jpcb,
 Pages = {17142-17154},
 Volume = {114},
 Year = {2010}}

@article{Koskinen2009,
 Author = {Koskinen, P. and Makinen, V.},
 Date-Added = {2013-03-01 10:41:08 +0100},
 Date-Modified = {2013-03-01 10:42:12 +0100},
 journal = cms,
 Pages = {237},
 Volume = {47},
 Year = {2009}}

@article{Irle2012,
 Author = {M. Lundberg and Yoshio Nishimoto and Stephan Irle},
 Date-Added = {2013-01-30 12:25:21 +0100},
 Date-Modified = {2013-01-30 12:27:18 +0100},
 journal = ijqc,
 Pages = {1701-1711},
 Title = {Delocalization Errors in a Hubbard-Like Model: Consequences for Density- Functional Tight-Binding Calculations of Molecular Systems},
 Volume = {112},
 Year = {2012}}

@misc{ATdT,
 Author = {Elke Goos, Alexander Burcat and Branko Ruscic},
 Note = {Report ANL 05/20 and TAE 960 September 2005; Technion-IIT Aerospace Engineering, and Argonne National Laboratory Chemistry Division; <ftp://ftp.technion.ac.il/pub/supported/aetdd/thermodynamics>, (accessed May 31st 2012).},
 Title = {Extended Third Millennium Ideal Gas and Condensed Phase Thermochemical Database for Combustion with Updates from Active Thermochemical Tables Update of Third Millennium Ideal Gas and Condensed Phase Thermochemical Database for Combustion with Updates from Active Thermochemical Tables Alexander Burcat and Branko Ruscic}}

@article{Aradi2007,
 Anote = {5678},
 Author = {Aradi,B. and Hourahine,B. and Frauenheim,Th},
 Bdsk-Url-1 = {www.scopus.com},
 journal = jpca,
 Number = {26},
 Pages = {5678--5684},
 Title = {DFTB+, a sparse matrix-based implementation of the DFTB method},
 Url = {www.scopus.com},
 Volume = {111},
 Year = {2007}}

@article{Baboul1999,
 Anote = {7650},
 Author = {Baboul,A. G. and Curtiss,L. A. and Redfern,P. C. and Raghavachari,K.},
 Bdsk-Url-1 = {www.scopus.com},
 journal = jcp,
 Number = {16},
 Pages = {7650--7657},
 Title = {Gaussian-3 theory using density functional geometries and zero-point energies},
 Url = {www.scopus.com},
 Volume = {110},
 Year = {1999}}

@article{Baer2008,
 Anote = {2703},
 Author = {Baer,M. and Mathias,G. and Kuo,I.-W. and Tobias,D. J. and Mundy,C. J. and Marx,D.},
 Bdsk-Url-1 = {www.scopus.com},
 journal = cpc,
 Number = {18},
 Pages = {2703--2707},
 Title = {Spectral signatures of the pentagonal water cluster in bacteriorhodopsin},
 Url = {www.scopus.com},
 Volume = {9},
 Year = {2008}}

@article{Baerends2000,
 Anote = {265},
 Author = {Baerends,E. J.},
 Bdsk-Url-1 = {www.scopus.com},
 journal = tca,
 Number = {3--4},
 Pages = {265--269},
 Title = {Perspective on \"self-consistent equations including exchange and correlation effects\"},
 Url = {www.scopus.com},
 Volume = {103},
 Year = {2000}}

@article{Becke1988,
 Anote = {3098},
 Author = {Becke,A. D.},
 Bdsk-Url-1 = {www.scopus.com},
 journal = pra,
 Number = {6},
 Pages = {3098--3100},
 Title = {Density-functional exchange-energy approximation with correct asymptotic behavior},
 Url = {www.scopus.com},
 Volume = {38},
 Year = {1988}}

@article{Becke1993,
 Anote = {5648},
 Author = {Becke, A. D.},
 journal = jcp,
 Number = {7},
 Pages = {5648--5652},
 Pdf = {/nfs/home/mgaus/lit/Becke1993.pdf},
 Timestamp = {2007.08.22},
 Title = {Density-functional thermochemistry. III. The role of exact exchange},
 Volume = {98},
 Year = {1993}}

@article{Bodrog2011,
 Anote = {2654},
 Author = {Bodrog,Z. and Aradi,B. and Frauenheim,T.},
 Bdsk-Url-1 = {www.scopus.com},
 journal = jctc,
 Number = {8},
 Pages = {2654--2664},
 Title = {Automated repulsive parametrization for the DFTB method},
 Url = {www.scopus.com},
 Volume = {7},
 Year = {2011}}

@article{Bodrog2012,
 Anote = {259},
 Author = {Bodrog,Z. and Aradi,B.},
 Bdsk-Url-1 = {www.scopus.com},
 journal = pssb,
 Number = {2},
 Pages = {259-269},
 Title = {Possible improvements to the self-consistent-charges density-functional tight-binding method within the second order},
 Url = {www.scopus.com},
 Volume = {249},
 Year = {2012}}

@article{Bohr1999,
 Author = {Bohr, H. G. and Jalkanen,K. J. and Elstner,M. and Frimand,K. and Suhai,S.},
 journal = cp,
 Number = {1-3},
 Pages = {13-36},
 Title = {A comparative study of MP2, B3LYP, RHF and SCC-DFTB force fields in predicting the vibrational spectra of N-acetyl-L-alanine-N'-methyl amide: VA and VCD spectra},
 Volume = {246},
 Year = {1999}}

@article{Born1927,
 Author = {Born, M. and Oppenheimer, R.},
 journal = ap,
 Number = {4},
 Pages = {457--484},
 Timestamp = {2007.09.14},
 Title = {Zur Quantentheorie der Molekeln},
 Volume = {84},
 Year = {1927}}

@article{Bowler2008,
 Author = {Bowler,D. R. and Fattebert,J. and Gillan,M. J. and Haynes,P. D. and Skylaris,C.},
 Bdsk-Url-1 = {www.scopus.com},
 journal = jpcm,
 Number = {29},
 Pages = {290301},
 Title = {Introductory remarks: Linear scaling methods},
 Url = {www.scopus.com},
 Volume = {20},
 Year = {2008}}

@article{Boys1970,
 Anote = {553},
 Author = {Boys,S. F. and Bernardi, F.},
 journal = mp,
 Pages = {553--566},
 Title = {Calculation of Small Molecular Interactions by Differences of Separate Total Energies -- Some Procedures with Reduced Errors},
 Volume = {19},
 Year = {1970}}

@techreport{Brewer1977,
 Author = {L. Brewer},
 Institution = {Lawrence Berkeley National Laboratory Reports},
 Number = {Lawrence Berkeley National Laboratory Reports LBL-3720},
 Title = {The cohesive energies of elements},
 Year = {1977}}

@article{Brothers2006,
 Anote = {1045},
 Author = {Brothers,E. N. and Scuseria,G. E.},
 Bdsk-Url-1 = {www.scopus.com},
 journal = jctc,
 Number = {4},
 Pages = {1045--1049},
 Title = {Parametrization of atomic energies to improve small basis set density functional thermochemistry},
 Url = {www.scopus.com},
 Volume = {2},
 Year = {2006}}

@article{Cai2007,
 Anote = {5743},
 Author = {Cai,Z. and Lopez,P. and Reimers,J. R. and Cui,Q. and Elstner,M.},
 journal = jpca,
 Number = {26},
 Pages = {5743--5750},
 Title = {Application of the computationally efficient self-consistent-charge density-functional tight-binding method to magnesium-containing molecules},
 Volume = {111},
 Year = {2007}}

@article{Ceperley1980,
 Anote = {566},
 Author = {Ceperley,D. M. and Alder,B. J.},
 Bdsk-Url-1 = {www.scopus.com},
 journal = prl,
 Number = {7},
 Pages = {566--569},
 Title = {Ground state of the electron gas by a stochastic method},
 Url = {www.scopus.com},
 Volume = {45},
 Year = {1980}}

@article{Cohen2008,
 Anote = {792},
 Author = {Cohen,A. J. and Mori-S\'anchez,P. and Yang,W.},
 journal = sci,
 Number = {5890},
 Pages = {792--794},
 Title = {Insights into current limitations of density functional theory},
 Volume = {321},
 Year = {2008}}

@book{BookCramer,
 Address = {Chichester},
 Author = {Cramer, Christopher J.},
 Edition = {2nd},
 Publisher = jws,
 Title = {Essentials of Computational Chemistry -- Theories and Models},
 Year = {2004}}

@incollection{crc-solids,
 Address = {Boca Raton, Florida, USA},
 Author = {H. W. King},
 Booktitle = {CRC Handbook of Chemistry and Physics},
 Edition = {93rd},
 Editor = {W. M. Haynes and T. J. Bruno and D. R. Lide},
 Pages = {12.15},
 Publisher = {CRC Press/Taylor and Francis},
 Title = {Crystal Structures and Lattice Parameters of Allotropes of the Elements},
 Year = {Internet Version 2013}}

@article{Csonka2005,
 Anote = {506},
 Author = {Csonka,G. I. and Ruzsinszky,A. and Tao,J. and Perdew,J. P.},
 Bdsk-Url-1 = {www.scopus.com},
 journal = ijqc,
 Pages = {506--511},
 Title = {Energies of organic molecules and atoms in density functional theory},
 Url = {www.scopus.com},
 Volume = {101},
 Year = {2005}}

@article{Csonka2010,
 Anote = {3688},
 Author = {Csonka,G. I. and Perdew,J. P. and Ruzsinszky,A.},
 Bdsk-Url-1 = {www.scopus.com},
 journal = jctc,
 Number = {12},
 Pages = {3688--3703},
 Title = {Global hybrid functionals: A look at the engine under the hood},
 Url = {www.scopus.com},
 Volume = {6},
 Year = {2010}}

@article{Cui2001,
 Anote = {569},
 Author = {Cui,Q. and Elstner,M. and Kaxiras,E. and Frauenheim,T. and Karplus,M.},
 Bdsk-Url-1 = {www.scopus.com},
 journal = jpcb,
 Number = {2},
 Pages = {569--585},
 Title = {A QM/MM implementation of the self-consistent charge density functional tight binding (SCC-DFTB) method},
 Url = {www.scopus.com},
 Volume = {105},
 Year = {2001}}

@article{Curtiss1997-g2set,
 Anote = {1063},
 Author = {Curtiss,L. A. and Raghavachari,K. and Redfern,P. C. and Pople,J. A.},
 Bdsk-Url-1 = {www.scopus.com},
 journal = jcp,
 Number = {3},
 Pages = {1063--1079},
 Title = {Assessment of Gaussian-2 and density functional theories for the computation of enthalpies of formation},
 Url = {www.scopus.com},
 Volume = {106},
 Year = {1997}}

@article{Curtiss1998-g2assessed,
 Anote = {42},
 Author = {Curtiss,L. A. and Redfern,P. C. and Raghavachari,K. and Pople,J. A.},
 Bdsk-Url-1 = {www.scopus.com},
 journal = jcp,
 Number = {1},
 Pages = {42--55},
 Title = {Assessment of Gaussian-2 and density functional theories for the computation of ionization potentials and electron affinities},
 Url = {www.scopus.com},
 Volume = {109},
 Year = {1998}}

@article{Curtiss1998-g3,
 Anote = {7764},
 Author = {Curtiss,L. A. and Raghavachari,K. and Redfern,P. C. and Rassolov,V. and Pople,J. A.},
 Bdsk-Url-1 = {www.scopus.com},
 journal = jcp,
 Number = {18},
 Pages = {7764--7776},
 Title = {Gaussian-3 (G3) theory for molecules containing first and second-row atoms},
 Url = {www.scopus.com},
 Volume = {109},
 Year = {1998}}

@article{Curtiss2000-g3set,
 Anote = {7374},
 Author = {Curtiss,L. A. and Raghavachari,K. and Redfern,P. C. and Pople,J. A.},
 Bdsk-Url-1 = {www.scopus.com},
 journal = jcp,
 Number = {17},
 Pages = {7374--7383},
 Title = {Assessment of Gaussian-3 and density functional theories for a larger experimental test set},
 Url = {www.scopus.com},
 Volume = {112},
 Year = {2000}}

@article{Curtiss2005-g305set,
 Anote = {124107-1--124107-12},
 Author = {Curtiss,L. A. and Redfern,P. C. and Raghavachari,K.},
 Bdsk-Url-1 = {www.scopus.com},
 journal = jcp,
 Number = {12},
 Pages = {124107},
 Title = {Assessment of Gaussian-3 and density-functional theories on the G3/05 test set of experimental energies},
 Url = {www.scopus.com},
 Volume = {123},
 Year = {2005}}

@article{Demaison2007,
 Anote = {160},
 Bdsk-Url-1 = {www.scopus.com},
 journal = jmsp,
 Number = {2},
 Pages = {160--169},
 Title = {Rotational spectrum and structure of asymmetric dinitrogen trioxide, N2O3},
 Url = {www.scopus.com},
 Volume = {244},
 Year = {2007}}

@article{Dewar1977,
 Anote = {4899},
 Author = {Dewar,M. J. S. and Thiel,W.},
 Bdsk-Url-1 = {www.scopus.com},
 journal = jacs,
 Number = {15},
 Pages = {4899--4907},
 Title = {Ground states of molecules. 38. The MNDO method. Approximations and parameters},
 Url = {www.scopus.com},
 Volume = {99},
 Year = {1977}}

@article{Dewar1985,
 Anote = {3902},
 Author = {Dewar,M. J. S. and Zoebisch,E. G. and Healy,E. F. and Stewart,J. J. P.},
 Bdsk-Url-1 = {www.scopus.com},
 journal = jacs,
 Number = {13},
 Pages = {3902--3909},
 Title = {AM1: A new general purpose quantum mechanical molecular model},
 Url = {www.scopus.com},
 Volume = {107},
 Year = {1985}}

@incollection{Gaus2011b,
 Address = {Hoboken, New Jersey},
 Anote = {287},
 Author = {Elstner, M. and Gaus, M.},
 Booktitle = {Computational Methods for Large systems: Electronic Structure Approaches for Biotechnology and Nanotechnology},
 Date-Modified = {2013-03-01 12:11:09 +0100},
 Editor = {Reimers, Jeffrey R.},
 Pages = {287--308},
 Publisher = {John Wiley and Sons},
 Title = {Self-Consistent-Charge Density Functional Tight-Binding Method: An Efficient Approximation of Density Functional Theory},
 Year = {2011}}

@article{Dirac1930,
 Anote = {376},
 Author = {Dirac,P. A. M.},
 Bdsk-Url-1 = {http://dx.doi.org/10.1017/S0305004100016108},
 Doi = {10.1017/S0305004100016108},
 Eprint = {http://journals.cambridge.org/article_S0305004100016108},
 journal = mpcps,
 Number = {03},
 Pages = {376--385},
 Title = {Note on Exchange Phenomena in the Thomas Atom},
 Url = {http://dx.doi.org/10.1017/S0305004100016108},
 Volume = {26},
 Year = {1930}}

@article{Dunning1989,
 Anote = {1007},
 Author = {Dunning Jr.,T. H.},
 Bdsk-Url-1 = {www.scopus.com},
 journal = jcp,
 Number = {2},
 Pages = {1007--1023},
 Title = {Gaussian basis sets for use in correlated molecular calculations. I. The atoms boron through neon and hydrogen},
 Url = {www.scopus.com},
 Volume = {90},
 Year = {1989}}

@phdthesis{ElsnerDiss,
 Author = {Elsner, Joachim},
 School = {Universit\"at-Gesamthochschule Paderborn, Paderborn, Germany},
 Title = {Surfaces and extended defects in Wurtzite GaN},
 Year = {1998}}

@phdthesis{Elstner1998a,
 Author = {Elstner, Marcus},
 School = {Universit\"at-Gesamthochschule Paderborn, Paderborn, Germany},
 Title = {Weiterentwicklung quantenmechanischer Rechenverfahren f\"ur organische Molek\"ule und Polymere},
 Year = {1998}}

@article{Elstner1998,
 Anote = {7260},
 Author = {Elstner, M. and Porezag, D. and Jungnickel, G. and Elsner, J. and Haugk, M. and Frauenheim, T. and Suhai, S. and Seifert, G.},
 Bdsk-Url-1 = {http://dx.doi.org/10.1103/PhysRevB.58.7260},
 Doi = {10.1103/PhysRevB.58.7260},
 journal = prb,
 Month = {Sep},
 Number = {11},
 Pages = {7260--7268},
 Pdf = {/nfs/home/mgaus/lit/ElstnerPRB1998.pdf},
 Publisher = {American Physical Society},
 Title = {Self-consistent-charge density-functional tight-binding method for simulations of complex materials properties},
 Volume = {58},
 Year = {1998}}

@article{Elstner2000,
 Anote = {357},
 Author = {Elstner,M. and Frauenheim,Th and Kaxiras,E. and Seifert,G. and Suhai,S.},
 Bdsk-Url-1 = {www.scopus.com},
 journal = pssb,
 Number = {1},
 Pages = {357--376},
 Title = {A self-consistent charge density-functional based tight-binding scheme for large biomolecules},
 Url = {www.scopus.com},
 Volume = {217},
 Year = {2000}}

@article{Elstner2000PEP,
 Anote = {15},
 Author = {Elstner,M. and Jalkanen,K. J. and Knapp-Mohammady,M. and Frauenheim,Th and Suhai,S.},
 Bdsk-Url-1 = {www.scopus.com},
 journal = cp,
 Number = {1},
 Pages = {15--27},
 Title = {DFT studies on helix formation in N-acetyl-(L-alanyl)(n)-N'-methylamide for n = 1--20},
 Url = {www.scopus.com},
 Volume = {256},
 Year = {2000}}

@article{Elstner2001PEP,
 Anote = {203},
 Author = {Elstner,M. and Jalkanen,K. J. and Knapp-Mohammady,M. and Frauenheim,T. and Suhai,S.},
 Bdsk-Url-1 = {www.scopus.com},
 journal = cp,
 Number = {2--3},
 Pages = {203--219},
 Title = {Energetics and structure of glycine and alanine based model peptides: Approximate SCC-DFTB, AM1 and PM3 methods in comparison with DFT, HF and MP2 calculations},
 Url = {www.scopus.com},
 Volume = {263},
 Year = {2001}}

@article{Elstner2000PSS,
 Author = {Elstner,M. and Frauenheim,Th and Kaxiras,E. and Seifert,G. and Suhai,S.},
 journal = pssb,
 Number = {1},
 Pages = {357-376},
 Title = {A self-consistent charge density-functional based tight-binding scheme for large biomolecules},
 Volume = {217},
 Year = {2000}}

@article{Elstner2003JCC,
 Anote = {565},
 Author = {Elstner,M. and Cui,Q. and Munih,P. and Kaxiras,E. and Frauenheim,T. and Karplus,M.},
 Bdsk-Url-1 = {www.scopus.com},
 journal = jcc,
 Number = {5},
 Pages = {565--581},
 Title = {Modeling zinc in biomolecules with the self consistent charge-density functional tight binding (SCC-DFTB) method: Applications to structural and energetic analysis},
 Url = {www.scopus.com},
 Volume = {24},
 Year = {2003}}

@article{Elstner2003,
 Anote = {29},
 Author = {Elstner,M. and Frauenheim,T. and Suhai,S.},
 Bdsk-Url-1 = {www.scopus.com},
 journal = jmst,
 Pages = {29--41},
 Title = {An approximate DFT method for QM/MM simulations of biological structures and processes},
 Url = {www.scopus.com},
 Volume = {632},
 Year = {2003}}

@article{Elstner2006,
 Anote = {316},
 Author = {Elstner,M.},
 Bdsk-Url-1 = {www.scopus.com},
 journal = tca,
 Number = {1--3},
 Pages = {316--325},
 Title = {The SCC-DFTB method and its application to biological systems},
 Url = {www.scopus.com},
 Volume = {116},
 Year = {2006}}

@article{Elstner2007_introJPCA,
 Anote = {5607},
 Author = {Elstner,M. and Frauenheim,T. and McKelvey,J. and Seifert,G.},
 Bdsk-Url-1 = {www.scopus.com},
 journal = jpca,
 Number = {26},
 Pages = {5607--5608},
 Title = {Density functional tight binding: Contributions from the American chemical society symposium},
 Url = {www.scopus.com},
 Volume = {111},
 Year = {2007}}

@article{Elstner2007,
 Anote = {5614},
 Author = {Elstner,M.},
 Bdsk-Url-1 = {www.scopus.com},
 journal = jpca,
 Number = {26},
 Pages = {5614--5621},
 Title = {SCC-DFTB: What is the proper degree of self-consistency},
 Url = {www.scopus.com},
 Volume = {111},
 Year = {2007}}

@article{Eschrig1978,
 Anote = {621},
 Author = {Eschrig,H. and Bergert,I.},
 journal = pssb,
 Number = {2},
 Pages = {621--628},
 Title = {OPTIMIZED LCAO VERSION FOR BAND STRUCTURE CALCULATIONS. APPLICATION TO COPPER.},
 Volume = {90},
 Year = {1978}}

@book{Eschrig1989_LCAOmethodforsolids,
 Address = {Berlin},
 Author = {Eschrig, H.},
 Page = {54},
 Publisher = {Springer},
 Title = {{O}ptimized {LCAO M}ethod and {E}lectronic {S}tructure of {E}xtended {S}ystems},
 Year = {1989}}

@misc{Frauenheim2012-pssbissue,
 Anote = {year = {2012}},
 Issn = {1521-3951},
 journal = pssb,
 Note = {\textbf{2012}, \textit{249}, 225--415},
 Number = {2},
 Pages = {225--415},
 Publisher = {WILEY-VCH Verlag},
 Title = {Large scale atomistic simulations of materials: from bio-nano to solids, Phys. Stat. Sol. B},
 Volume = {249}}

@article{Frauenheim2000,
 Anote = {41},
 Author = {Frauenheim,Th and Seifert,G. and Elstner,M. and Hajnal,Z. and Jungnickel,G. and Porezag,D. and Suhai,S. and Scholz,R.},
 Bdsk-Url-1 = {www.scopus.com},
 journal = pssb,
 Number = {1},
 Pages = {41--62},
 Title = {A self-consistent charge density-functional based tight-binding method for predictive materials simulations in physics, chemistry and biology},
 Url = {www.scopus.com},
 Volume = {217},
 Year = {2000}}

@article{Frauenheim2002,
 Anote = {3015},
 Author = {Frauenheim,T. and Seifert,G. and Elstner,M. and Niehaus,T. and K\"{o}hler,C. and Amkreutz,M. and Sternberg,M. and Hajnal,Z. and Di Carlo,A. and Suhai,S.},
 Bdsk-Url-1 = {www.scopus.com},
 journal = jpcm,
 Number = {11},
 Pages = {3015--3047},
 Title = {Atomistic simulations of complex materials: Ground-state and excited-state properties},
 Url = {www.scopus.com},
 Volume = {14},
 Year = {2002}}

@article{Frauenheim1999-pbc,
 Anote = {459},
 Author = {E. Rauls and J. Elsner and R. Gutierrez and Th. Frauenheim},
 journal = ssc,
 Number = {8},
 Pages = {459--464},
 Volume = {111},
 Year = {1999}}

@article{Foulkes1989,
 Anote = {12520},
 Author = {Foulkes, W. M. C. and Haydock, R.},
 Bdsk-Url-1 = {http://dx.doi.org/10.1103/PhysRevB.39.12520},
 Doi = {10.1103/PhysRevB.39.12520},
 journal = prb,
 Month = {Jun},
 Number = {17},
 Pages = {12520--12536},
 Pdf = {/nfs/home/mgaus/lit/Foulkes1989.pdf},
 Publisher = {American Physical Society},
 Title = {Tight-binding models and density-functional theory},
 Volume = {39},
 Year = {1989}}

@misc{GausDiplarb,
 Author = {Gaus, Michael},
 Howpublished = {Diploma thesis, Technische Universit\"at Braunschweig, Braunschweig, Germany},
 Title = {Weiterentwicklung und Parametrisierung einer gen\"aherten Dichte\-funktional\-theorie unter Verwendung moderner Optimierungsmethoden},
 Year = {2007}}

@article{Gaus2009,
 Anote = {11866},
 Author = {Gaus,M. and Chou,C.-P. and Witek,H. and Elstner,M.},
 Bdsk-Url-1 = {www.scopus.com},
 journal = jpca,
 Number = {43},
 Pages = {11866--11881},
 Title = {Automatized parametrization of SCC-DFTB repulsive potentials: Application to hydrocarbons},
 Url = {www.scopus.com},
 Volume = {113},
 Year = {2009}}

@article{Gaus2011,
 Anote = {931},
 Author = {Gaus, Michael and Cui, Qiang and Elstner, Marcus},
 Bdsk-Url-1 = {http://pubs.acs.org/doi/abs/10.1021/ct100684s},
 Bdsk-Url-2 = {http://dx.doi.org/10.1021/ct100684s},
 Doi = {10.1021/ct100684s},
 Eprint = {http://pubs.acs.org/doi/pdf/10.1021/ct100684s},
 journal = jctc,
 Number = {4},
 Pages = {931--948},
 Title = {DFTB3: Extension of the Self-Consistent-Charge Density-Functional Tight-Binding Method (SCC-DFTB)},
 Url = {http://pubs.acs.org/doi/abs/10.1021/ct100684s},
 Volume = {7},
 Year = {2011}}

@phdthesis{GausDiss,
 Author = {Gaus, Michael},
 Note = {publicly available at www.bibliothek.kit.edu (accessed May 31, 2012)},
 School = {Karlsruhe Institute of Technology, Karlsruhe, Germany},
 Title = {Extension and Parametrization of an Approximate Density Functional Method for Organic and Biomolecules},
 Year = {2011}}

@misc{g03,
 Author = {M. J. Frisch and G. W. Trucks and H. B. Schlegel and G. E. Scuseria and M. A. Robb and J. R. Cheeseman and Montgomery, Jr., J. A. and T. Vreven and K. N. Kudin and J. C. Burant and J. M. Millam and S. S. Iyengar and J. Tomasi and V. Barone and B. Mennucci and M. Cossi and G. Scalmani and N. Rega and G. A. Petersson and H. Nakatsuji and M. Hada and M. Ehara and K. Toyota and R. Fukuda and J. Hasegawa and M. Ishida and T. Nakajima and Y. Honda and O. Kitao and H. Nakai and M. Klene and X. Li and J. E. Knox and H. P. Hratchian and J. B. Cross and V. Bakken and C. Adamo and J. Jaramillo and R. Gomperts and R. E. Stratmann and O. Yazyev and A. J. Austin and R. Cammi and C. Pomelli and J. W. Ochterski and P. Y. Ayala and K. Morokuma and G. A. Voth and P. Salvador and J. J. Dannenberg and V. G. Zakrzewski and S. Dapprich and A. D. Daniels and M. C. Strain and O. Farkas and D. K. Malick and A. D. Rabuck and K. Raghavachari and J. B. Foresman and J. V. Ortiz and Q. Cui and A. G. Baboul and S. Clifford and J. Cioslowski and B. B. Stefanov and G. Liu and A. Liashenko and P. Piskorz and I. Komaromi and R. L. Martin and D. J. Fox and T. Keith and M. A. Al-Laham and C. Y. Peng and A. Nanayakkara and M. Challacombe and P. M. W. Gill and B. Johnson and W. Chen and M. W. Wong and C. Gonzalez and J. A. Pople},
 Note = {\uppercase{G}aussian, Inc., Wallingford, CT, 2004},
 Title = {Gaussian 03, \uppercase{R}evision \uppercase{C}.02}}

@misc{g09,
 Author = {M. J. Frisch and G. W. Trucks and H. B. Schlegel and G. E. Scuseria and M. A. Robb and J. R. Cheeseman and G. Scalmani and V. Barone and B. Mennucci and G. A. Petersson and H. Nakatsuji and M. Caricato and X. Li and H. P. Hratchian and A. F. Izmaylov and J. Bloino and G. Zheng and J. L. Sonnenberg and M. Hada and M. Ehara and K. Toyota and R. Fukuda and J. Hasegawa and M. Ishida and T. Nakajima and Y. Honda and O. Kitao and H. Nakai and T. Vreven and Montgomery, {Jr.}, J. A. and J. E. Peralta and F. Ogliaro and M. Bearpark and J. J. Heyd and E. Brothers and K. N. Kudin and V. N. Staroverov and R. Kobayashi and J. Normand and K. Raghavachari and A. Rendell and J. C. Burant and S. S. Iyengar and J. Tomasi and M. Cossi and N. Rega and J. M. Millam and M. Klene and J. E. Knox and J. B. Cross and V. Bakken and C. Adamo and J. Jaramillo and R. Gomperts and R. E. Stratmann and O. Yazyev and A. J. Austin and R. Cammi and C. Pomelli and J. W. Ochterski and R. L. Martin and K. Morokuma and V. G. Zakrzewski and G. A. Voth and P. Salvador and J. J. Dannenberg and S. Dapprich and A. D. Daniels and {\"O}. Farkas and J. B. Foresman and J. V. Ortiz and J. Cioslowski and D. J. Fox},
 Note = {Gaussian Inc. Wallingford CT 2009},
 Title = {Gaussian~09 {R}evision {A}.1}}

@article{Ghosh2009,
 Anote = {2468},
 Author = {Ghosh,N. and Xavier,P.-R. and Gunner,M. R. and Cui,Q.},
 Bdsk-Url-1 = {www.scopus.com},
 journal = b,
 Number = {11},
 Pages = {2468--2485},
 Title = {Microscopic pKa analysis of Glu286 in cytochrome c oxidase (Rhodobacter sphaeroides): Toward a calibrated molecular model},
 Url = {www.scopus.com},
 Volume = {48},
 Year = {2009}}

@article{Giese2012,
 Author = {Giese,T. J. and York,D. M.},
 Bdsk-Url-1 = {www.scopus.com},
 journal = tca,
 Number = {3},
 Pages = {1145},
 Title = {Density-functional expansion methods: Grand challenges},
 Url = {www.scopus.com},
 Volume = {131},
 Year = {2012}}

@article{Goerigk2010,
 Anote = {107},
 Author = {Goerigk,L. and Grimme,S.},
 journal = jctc,
 Number = {1},
 Pages = {107--126},
 Title = {A general database for main group thermochemistry, kinetics, and noncovalent interactions - Assessment of common and reparameterized (meta-)GGA density functionals},
 Volume = {6},
 Year = {2010}}

@article{Goerigk2011,
 Anote = {291},
 Author = {Goerigk,L. and Grimme,S.},
 journal = jctc,
 Number = {2},
 Pages = {291--309},
 Title = {Efficient and accurate double-hybrid-meta-GGA density functionals- evaluation with the extended GMTKN30 database for general main group thermochemistry, kinetics, and noncovalent interactions},
 Volume = {7},
 Year = {2011}}

@mastersthesis{Goez2011,
 Author = {Goez, Albrecht},
 School = {Technische Universit\"at Braunschweig, Braunschweig, Germany},
 Title = {Anpassen neuer Repulsivpotentiale im Rahmen einer gen\"aherten Dichtefunktionaltheorie},
 Year = {2011}}

@article{Grimme2004,
 Anote = {1463},
 Author = {Grimme,S.},
 journal = jcc,
 Number = {12},
 Pages = {1463--1473},
 Title = {Accurate description of van der Waals complexes by density functional theory including empirical corrections},
 Volume = {25},
 Year = {2004}}

@article{Grimme2006_DISP,
 Anote = {1787},
 Author = {Grimme,S.},
 Bdsk-Url-1 = {www.scopus.com},
 journal = jcc,
 Number = {15},
 Pages = {1787--1799},
 Title = {Semiempirical GGA-type density functional constructed with a long-range dispersion correction},
 Url = {www.scopus.com},
 Volume = {27},
 Year = {2006}}

@misc{Grimme2013-dftbd3,
 Author = {Risthaus, T. and Grimme,S.},
 Note = {\textit{J.\ Chem.\ Theory Comput.}, in press}}

@article{Hariharan1973,
 Anote = {213},
 Author = {Hariharan,P. C. and Pople,J. A.},
 Bdsk-Url-1 = {www.scopus.com},
 journal = tca,
 Number = {3},
 Pages = {213--222},
 Title = {The influence of polarization functions on molecular orbital hydrogenation energies},
 Url = {www.scopus.com},
 Volume = {28},
 Year = {1973}}

@article{Harris1985,
 Anote = {1770},
 Author = {Harris, J. },
 Bdsk-Url-1 = {http://dx.doi.org/10.1103/PhysRevB.31.1770},
 Doi = {10.1103/PhysRevB.31.1770},
 journal = prb,
 Month = {Feb},
 Number = {4},
 Pages = {1770--1779},
 Publisher = {American Physical Society},
 Title = {Simplified method for calculating the energy of weakly interacting fragments},
 Volume = {31},
 Year = {1985}}

@article{Hazebroucq2005,
 Author = {Hazebroucq,S. and Picard,G. S. and Adamo,C. and Heine,T. and Gemming,S. and Seifert,G.},
 Bdsk-Url-1 = {www.scopus.com},
 journal = jcp,
 Number = {13},
 Pages = {134510},
 Title = {Density-functional-based molecular-dynamics simulations of molten salts},
 Url = {www.scopus.com},
 Volume = {123},
 Year = {2005}}

@article{Hehre1972,
 Anote = {2257},
 Author = {Hehre,W. J. and Ditchfield,K. and Pople,J. A.},
 journal = jcp,
 Number = {5},
 Pages = {2257-2261},
 Title = {Self-consistent molecular orbital methods. XII. Further extensions of gaussian-type basis sets for use in molecular orbital studies of organic molecules},
 Volume = {56},
 Year = {1972}}

@article{Hohenberg1964,
 Author = {Hohenberg, P. and Kohn, W.},
 Bdsk-Url-1 = {http://dx.doi.org/10.1103/PhysRev.136.B864},
 Doi = {10.1103/PhysRev.136.B864},
 journal = pr,
 Number = {3B},
 Pages = {864--871},
 Pdf = {/nfs/home/mgaus/lit/Hohenberg1964.pdf},
 Publisher = {American Physical Society},
 Title = {Inhomogeneous Electron Gas},
 Volume = {136},
 Year = {1964}}

@article{Hourahine2007,
 Anote = {5671},
 Author = {Hourahine,B. and Sanna,S. and Aradi,B. and K\"ohler,C. and Niehaus,Th and Frauenheim,Th},
 Bdsk-Url-1 = {www.scopus.com},
 journal = jpca,
 Number = {26},
 Pages = {5671--5677},
 Title = {Self-interaction and strong correlation in DFTB},
 Url = {www.scopus.com},
 Volume = {111},
 Year = {2007}}

@article{Hu2003,
 Anote = {451},
 Author = {Hu,H. and Elstner,M. and Hermans,J.},
 Bdsk-Url-1 = {www.scopus.com},
 journal = psfg,
 Number = {3},
 Pages = {451--463},
 Title = {Comparison of a QM/MM force field and molecular mechanics force fields in simulations of alanine and glycine "dipeptides" (Ace-Ala-Nme and Ace-Gly-Nme) in water in relation to the problem of modeling the unfolded peptide backbone in solution},
 Url = {www.scopus.com},
 Volume = {50},
 Year = {2003}}

@article{Ireta2004,
 Anote = {5692},
 Author = {Ireta,J. and Neugebauer,J. and Scheffler,M.},
 Bdsk-Url-1 = {www.scopus.com},
 journal = jpca,
 Number = {26},
 Pages = {5692--5698},
 Title = {On the accuracy of DFT for describing hydrogen bonds: Dependence on the bond directionality},
 Url = {www.scopus.com},
 Volume = {108},
 Year = {2004}}

@article{Janak1978,
 Anote = {7165},
 Author = {Janak,J. F.},
 Bdsk-Url-1 = {www.scopus.com},
 journal = prb,
 Number = {12},
 Pages = {7165--7168},
 Url = {www.scopus.com},
 Volume = {18},
 Year = {1978}}

@book{BookJensen,
 Address = {Chichester},
 Author = {Jensen, Frank},
 Publisher = jws,
 Title = {Introduction to Computational Chemistry},
 Year = {1999}}

@article{Johnson2008,
 Author = {Erin R. Johnson and Paula Mori-S\'{a}nchez and Aron J. Cohen and Weitao Yang},
 Bdsk-Url-1 = {http://link.aip.org/link/?JCP/129/204112/1},
 Bdsk-Url-2 = {http://dx.doi.org/10.1063/1.3021474},
 Doi = {10.1063/1.3021474},
 Eid = {204112},
 journal = jcp,
 Keywords = {association; density functional theory; enthalpy; reaction kinetics theory; thermochemistry},
 Number = {20},
 Pages = {204112},
 Publisher = {AIP},
 Title = {Delocalization errors in density functionals and implications for main-group thermochemistry},
 Url = {http://link.aip.org/link/?JCP/129/204112/1},
 Volume = {129},
 Year = {2008}}

@article{Boese2011,
 Anote = {1230},
 Author = {Boese,A. D. and Jansen,G. and Torheyden,M. and H\"ofener,S. and Klopper,W.},
 Bdsk-Url-1 = {www.scopus.com},
 journal = pccp,
 Number = {3},
 Pages = {1230--1238},
 Title = {Effects of counterpoise correction and basis set extrapolation on the MP2 geometries of hydrogen bonded dimers of ammonia, water, and hydrogen fluoride},
 Url = {www.scopus.com},
 Volume = {13},
 Year = {2011}}

@article{Kalinowski2004,
 Anote = {2545},
 Author = {Kalinowski,J. A. and Lesyng,B. and Thompson,J. D. and Cramer,C. J. and Truhlar,D. G.},
 Bdsk-Url-1 = {www.scopus.com},
 journal = jpca,
 Number = {13},
 Pages = {2545--2549},
 Title = {Class IV Charge Model for the Self-Consistent Charge Density-Functional Tight-Binding Method},
 Url = {www.scopus.com},
 Volume = {108},
 Year = {2004}}

@article{Kaminski2012cpe,
 Anote = {9131},
 Author = {Kaminski, Steve and Giese, Timothy J. and Gaus, Michael and York, Darrin M. and Elstner, Marcus},
 Bdsk-Url-1 = {http://dx.doi.org/10.1021/jp306239c},
 Date-Modified = {2013-03-01 14:37:53 +0100},
 Doi = {10.1021/jp306239c},
 journal = jpca,
 Number = {36},
 Pages = {9131--9141},
 Title = {Extended Polarization in Third-Order SCC-DFTB from Chemical-Potential Equalization},
 Volume = {116},
 Year = {2012}}

@article{Kaminski2012cm3,
 Anote = {9131},
 Author = {Kaminski, S. and Gaus, M. and Elstner, M.},
 Bdsk-Url-1 = {http://dx.doi.org/10.1021/jp306239c},
 Date-Modified = {2013-03-01 14:37:45 +0100},
 Doi = {10.1021/jp306239c},
 journal = jpca,
 Number = {36},
 Pages = {11927--11937},
 Title = {Improved Electronic Properties from 3rd Order SCC-DFTB with Cost Efficient Post-SCF Extensions,},
 Volume = {116},
 Year = {2012}}

@article{Klopper2000,
 Anote = {2227},
 Author = {Klopper,W. and Van Duijneveldt-van De Rijdt,J. G. C. M. and Van Duijneveldt,F. B.},
 Bdsk-Url-1 = {www.scopus.com},
 journal = pccp,
 Number = {10},
 Pages = {2227--2234},
 Title = {Computational determination of equilibrium geometry and dissociation energy of the water dimer},
 Url = {www.scopus.com},
 Volume = {2},
 Year = {2000}}

@article{Kohn1965,
 Anote = {A1133},
 Author = {Kohn, W. and Sham, L. J.},
 Bdsk-Url-1 = {http://dx.doi.org/10.1103/PhysRev.140.A1133},
 Doi = {10.1103/PhysRev.140.A1133},
 journal = pr,
 Number = {4A},
 Pages = {A1133--A1138},
 Pdf = {/nfs/home/mgaus/lit/Kohn1965.pdf},
 Publisher = {American Physical Society},
 Title = {Self-Consistent Equations Including Exchange and Correlation Effects},
 Volume = {140},
 Year = {1965}}

@article{Kolb1993,
 Anote = {775},
 Author = {Kolb, Matthias and Thiel, Walter},
 journal = jcc,
 Number = {7},
 Pages = {775--789},
 Title = {Beyond the MNDO model: Methodical considerations and numerical results},
 Volume = {14},
 Year = {1993}}

@article{Knaup2007,
 Anote = {5637},
 Author = {Knaup,J. M. and Hourahine,B. and Frauenheim,T.},
 Bdsk-Url-1 = {www.scopus.com},
 journal = jpca,
 Number = {26},
 Pages = {5637--5641},
 Title = {Initial steps toward automating the fitting of DFTB erep(r)},
 Url = {www.scopus.com},
 Volume = {111},
 Year = {2007}}

@book{BookKochHolthausen,
 Address = {Weinheim},
 Author = {Koch,W. and Holthausen, M. C.},
 Edition = {2nd},
 Publisher = jws,
 Title = {A Chemist's Guide to Density Functional Theory},
 Year = {2002}}

@article{Koehler2001,
 Anote = {5109},
 Author = {K\"{o}hler,C. and Seifert,G. and Gerstmann,U. and Elstner,M. and Overhof,H. and Frauenheim,Th},
 Bdsk-Url-1 = {www.scopus.com},
 journal = pccp,
 Number = {23},
 Pages = {5109--5114},
 Title = {Approximate density-functional calculations of spin densities in large molecular systems and complex solids},
 Url = {www.scopus.com},
 Volume = {3},
 Year = {2001}}

@article{Koehler2005,
 Anote = {23},
 Author = {Christof K\"ohler and Gotthard Seifert and Thomas Frauenheim},
 journal = cp,
 Number = {1},
 Pages = {23--31},
 Title = {Density functional based calculations for Fen (n$\leqslant$32)},
 Volume = {309},
 Year = {2005}}

@article{Koehler2007,
 Anote = {5622},
 Author = {K\"{o}hler,C. and Frauenheim,T. and Hourahine,B. and Seifert,G. and Sternberg,M.},
 Bdsk-Url-1 = {www.scopus.com},
 journal = jpca,
 Number = {26},
 Pages = {5622--5629},
 Title = {Treatment of collinear and noncollinear electron spin within an approximate density functional based method},
 Url = {www.scopus.com},
 Volume = {111},
 Year = {2007}}

@article{Korth2011,
 Anote = {2929},
 Author = {Korth,M. and Thiel,W.},
 journal = jctc,
 Number = {9},
 Pages = {2929--2936},
 Title = {Benchmarking semiempirical methods for thermochemistry, kinetics, and noncovalent interactions: OMx methods are almost as accurate and robust as DFT-GGA methods for organic molecules},
 Volume = {7},
 Year = {2011}}

@article{Krueger2005,
 Anote = {114110-1--114110-5},
 Author = {Kr\"{u}ger,T. and Elstner,M. and Schiffels,P. and Frauenheim,T.},
 Bdsk-Url-1 = {www.scopus.com},
 journal = jcp,
 Number = {11},
 Pages = {114110},
 Title = {Validation of the density-functional based tight-binding approximation method for the calculation of reaction energies and other data},
 Url = {www.scopus.com},
 Volume = {122},
 Year = {2005}}

@article{Kubar2010,
 Anote = {11221},
 Author = {Kuba\v{r},T. and Elstner,M.},
 Bdsk-Url-1 = {www.scopus.com},
 journal = jpcb,
 Number = {34},
 Pages = {11221--11240},
 Title = {Coarse-grained time-dependent density functional simulation of charge transfer in complex systems: application to hole transfer in DNA.},
 Url = {www.scopus.com},
 Volume = {114},
 Year = {2010}}

@book{Kuchitsu1998,
 Address = {Berlin},
 Author = {Kuchitsu, K.(ed)},
 Publisher = {Springer},
 Title = {Structure of Free Polyatomic Molecules -- Basic Data},
 Year = {1998}}

@article{Lee1988,
 Abstract = {A correlation-energy formula due to Colle and Salvetti [Theor. Chim.
Acta 37, 329 (1975)], in which the correlation energy density is
expressed in terms of the electron density and a Laplacian of the
second-order Hartree-Fock density matrix, is restated as a formula
involving the density and local kinetic-energy density. On insertion
of gradient expansions for the local kinetic-energy density, density-functional
formulas for the correlation energy and correlation potential are
then obtained. Through numerical calculations on a number of atoms,
positive ions, and molecules, of both open- and closed-shell type,
it is demonstrated that these formulas, like the original Colle-Salvetti
formulas, give correlation energies within a few percent.},
 Anote = {785},
 Author = {Lee, C. and Yang, W. and Parr, R. G.},
 Bdsk-Url-1 = {http://dx.doi.org/10.1103/PhysRevB.37.785},
 Doi = {10.1103/PhysRevB.37.785},
 journal = prb,
 Month = {Jan},
 Number = {2},
 Pages = {785--789},
 Pdf = {/nfs/home/mgaus/lit/Lee1988.pdf},
 Publisher = {American Physical Society},
 Title = {Development of the Colle-Salvetti correlation-energy formula into a functional of the electron density},
 Volume = {37},
 Year = {1988}}

@article{Lee2002,
 Anote = {440},
 Author = {Lee,J. S.},
 Bdsk-Url-1 = {www.scopus.com},
 journal = cpl,
 Number = {5-6},
 Pages = {440--445},
 Title = {Accurate structure and torsional barrier heights of hydrogen peroxide},
 Url = {www.scopus.com},
 Volume = {359},
 Year = {2002}}

@article{Lee2004,
 Anote = {2225},
 Author = {Lee,Y.-S. and Krauss,M.},
 Bdsk-Url-1 = {www.scopus.com},
 journal = jacs,
 Number = {7},
 Pages = {2225--2230},
 Title = {Dynamics of Proton Transfer in Bacteriorhodopsin},
 Url = {www.scopus.com},
 Volume = {126},
 Year = {2004}}

@article{Lein1999,
 Anote = {12},
 Author = {Lein,M. and Dobson,J. F. and Gross,E. K. U.},
 journal = jcc,
 Number = {1},
 Pages = {12--22},
 Title = {Toward the description of van der Waals interactions within density functional theory},
 Volume = {20},
 Year = {1999}}

@article{Li2003,
 Anote = {15028},
 Author = {Li,G. and Cui,Q.},
 Bdsk-Url-1 = {www.scopus.com},
 journal = jacs,
 Number = {49},
 Pages = {15028--15038},
 Title = {What Is so Special about Arg 55 in the Catalysis of Cyclophilin A? Insights from Hybrid QM/MM Simulations},
 Url = {www.scopus.com},
 Volume = {125},
 Year = {2003}}

@article{Liu2001,
 Anote = {484},
 Author = {Liu,H. and Elstner,M. and Kaxiras,E. and Frauenheim,T. and Hermans,J. and Yang,W.},
 Bdsk-Url-1 = {www.scopus.com},
 journal = psfg,
 Number = {4},
 Pages = {484--489},
 Title = {Quantum mechanics simulation of protein dynamics on long timescale},
 Url = {www.scopus.com},
 Volume = {44},
 Year = {2001}}

@article{Malolepsza2005,
 Anote = {237},
 Author = {Ma\l{}olepsza,E. and Witek,H. A. and Morokuma,K.},
 Bdsk-Url-1 = {www.scopus.com},
 journal = cpl,
 Number = {4--6},
 Pages = {237--243},
 Title = {Accurate vibrational frequencies using the self-consistent-charge density-functional tight-binding method},
 Url = {www.scopus.com},
 Volume = {412},
 Year = {2005}}

@article{Mantz2007,
 Anote = {105},
 Author = {Mantz,Y. A. and Gervasio,F. L. and Laino,T. and Parrinello,M.},
 Bdsk-Url-1 = {www.scopus.com},
 journal = jpca,
 Number = {1},
 Pages = {105--112},
 Title = {Charge localization in stacked radical cation DNA base pairs and the benzene dimer studied by self-interaction corrected density-functional theory},
 Url = {www.scopus.com},
 Volume = {111},
 Year = {2007}}

@article{Mattsson2002,
 Anote = {759},
 Author = {Mattsson,A. E.},
 Bdsk-Url-1 = {www.scopus.com},
 journal = sci,
 Number = {5594},
 Pages = {759--760},
 Title = {Density functional theory: In pursuit of the "divine" functional},
 Url = {www.scopus.com},
 Volume = {298},
 Year = {2002}}

@article{Maupin2010,
 Anote = {6922},
 Author = {Maupin,C. M. and Aradi,B. and Voth,G. A.},
 Bdsk-Url-1 = {www.scopus.com},
 journal = jpcb,
 Number = {20},
 Pages = {6922--6931},
 Title = {The self-consistent charge density functional tight binding method applied to liquid water and the hydrated excess proton: Benchmark simulations},
 Url = {www.scopus.com},
 Volume = {114},
 Year = {2010}}

@article{Miaskiewicz1997,
 Anote = {376},
 Author = {Miaskiewicz,K. and Smith,D. A.},
 Bdsk-Url-1 = {www.scopus.com},
 journal = cpl,
 Number = {3--4},
 Pages = {376--381},
 Title = {Computational density functional theory vibrational spectra of cubane},
 Url = {www.scopus.com},
 Volume = {270},
 Year = {1997}}

@article{Moehle2001,
 Anote = {509},
 Author = {M\"ohle,K. and Hofmann,H. and Thiel,W.},
 Bdsk-Url-1 = {www.scopus.com},
 journal = jcc,
 Number = {5},
 Pages = {509--520},
 Title = {Description of peptide and protein secondary structures employing semiempirical methods},
 Url = {www.scopus.com},
 Volume = {22},
 Year = {2001}}

@article{Moreira2009,
 Anote = {605},
 Author = {Moreira,N. H. and Dolgonos,G. and Aradi,B. and Da Rosa,A. L. and Frauenheim,T.},
 journal = jctc,
 Number = {3},
 Pages = {605--614},
 Title = {Toward an accurate density-functional tight-binding description of zinc-containing compounds},
 Volume = {5},
 Year = {2009}}

@article{Mori2008,
 Author = {Mori-S\'anchez,P. and Cohen,A. J. and Yang,W.},
 Bdsk-Url-1 = {www.scopus.com},
 journal = prl,
 Number = {14},
 Pages = {146401},
 Title = {Localization and delocalization errors in density functional theory and implications for band-gap prediction},
 Url = {www.scopus.com},
 Volume = {100},
 Year = {2008}}

@article{Mori2009,
 Author = {Mori-S\'anchez,P. and Cohen,A. J. and Yang,W.},
 Bdsk-Url-1 = {www.scopus.com},
 journal = prl,
 Number = {6},
 Pages = {066403},
 Title = {Discontinuous nature of the exchange-correlation functional in strongly correlated systems},
 Url = {www.scopus.com},
 Volume = {102},
 Year = {2009}}

@article{MP2,
 Anote = {618},
 Author = {M\o{}ller,Chr and Plesset,M. S.},
 Bdsk-Url-1 = {www.scopus.com},
 journal = pr,
 Number = {7},
 Pages = {618--622},
 Title = {Note on an approximation treatment for many-electron systems},
 Url = {www.scopus.com},
 Volume = {46},
 Year = {1934}}

@article{Niehaus2001-tddftb,
 Author = {Niehaus, T. A. and Suhai, S. and Della Sala, F. and Lugli, P. and Elstner, M. and Seifert, G. and Frauenheim, Th.},
 Issue = {8},
 journal = prb,
 Pages = {085108},
 Title = {Tight-binding approach to time-dependent density-functional response theory},
 Volume = {63},
 Year = {2001}}

@article{Niehaus2001-S,
 Anote = {185},
 Author = {Niehaus,T. A. and Elstner,M. and Frauenheim,Th and Suhai,S.},
 Bdsk-Url-1 = {www.scopus.com},
 journal = jmst,
 Pages = {185--194},
 Title = {Application of an approximate density-functional method to sulfur containing compounds},
 Url = {www.scopus.com},
 Volume = {541},
 Year = {2001}}

@article{Otte2007,
 Anote = {5751},
 Author = {Otte,N. and Scholten,M. and Thiel,W.},
 Bdsk-Url-1 = {www.scopus.com},
 journal = jpca,
 Number = {26},
 Pages = {5751--5755},
 Title = {Looking at self-consistent-charge density functional tight binding from a semiempirical perspective},
 Url = {www.scopus.com},
 Volume = {111},
 Year = {2007}}

@article{Pariser1956,
 Anote = {250},
 Author = {Pariser,R.},
 Bdsk-Url-1 = {www.scopus.com},
 journal = jcp,
 Number = {2},
 Pages = {250--268},
 Title = {Theory of the electronic spectra and structure of the polyacenes and of alternant hydrocarbons},
 Url = {www.scopus.com},
 Volume = {24},
 Year = {1956}}

@book{BookParrYang,
 Address = {New York},
 Author = {Parr, R. G. and Yang, W.},
 Publisher = {Oxford University Press},
 Title = {Density-Functional Theory of Atoms and Molecules},
 Year = {1989}}

@article{Perdew1981,
 Anote = {5048},
 Author = {Perdew, J. P. and Zunger, Alex },
 Bdsk-Url-1 = {http://dx.doi.org/10.1103/PhysRevB.23.5048},
 Doi = {10.1103/PhysRevB.23.5048},
 journal = prb,
 Month = {May},
 Number = {10},
 Pages = {5048--5079},
 Publisher = {American Physical Society},
 Title = {Self-interaction correction to density-functional approximations for many-electron systems},
 Volume = {23},
 Year = {1981}}

@article{Perdew1981_LDA,
 Anote = {2785},
 Author = {Perdew,J. P. and McMullen,E. R. and Zunger,A.},
 Bdsk-Url-1 = {www.scopus.com},
 journal = pra,
 Number = {6},
 Pages = {2785--2789},
 Title = {Density-functional theory of the correlation energy in atoms and ions: A simple analytic model and a challenge},
 Url = {www.scopus.com},
 Volume = {23},
 Year = {1981}}

@article{Perdew1982,
 Anote = {1691},
 Author = {Perdew,J. P. and Parr,R. G. and Levy,M. and Balduz Jr.,J. L.},
 Bdsk-Url-1 = {www.scopus.com},
 journal = prl,
 Number = {23},
 Pages = {1691--1694},
 Title = {Density-functional theory for fractional particle number: Derivative discontinuities of the energy},
 Url = {www.scopus.com},
 Volume = {49},
 Year = {1982}}

@article{Perdew1992_LDA,
 Anote = {13244},
 Author = {Perdew,J. P. and Wang,Y.},
 Bdsk-Url-1 = {www.scopus.com},
 journal = prb,
 Number = {23},
 Pages = {13244--13249},
 Title = {Accurate and simple analytic representation of the electron-gas correlation energy},
 Url = {www.scopus.com},
 Volume = {45},
 Year = {1992}}

@article{Perdew1996,
 Anote = {3865},
 Author = {Perdew, J. P. and Burke, K. and Ernzerhof, M.},
 Bdsk-Url-1 = {http://dx.doi.org/10.1103/PhysRevLett.77.3865},
 Doi = {10.1103/PhysRevLett.77.3865},
 journal = prl,
 Month = {Oct},
 Number = {18},
 Pages = {3865--3868},
 Publisher = {American Physical Society},
 Title = {Generalized Gradient Approximation Made Simple},
 Volume = {77},
 Year = {1996}}

@article{Perdew2001,
 Anote = {1},
 Author = {John P. Perdew and Karla Schmidt},
 Bdsk-Url-1 = {http://link.aip.org/link/?APC/577/1/1},
 Bdsk-Url-2 = {http://dx.doi.org/10.1063/1.1390175},
 Doi = {10.1063/1.1390175},
 Editor = {V. Van Doren and C. Van Alsenoy and P. Geerlings},
 journal = aipcp,
 Keywords = {density functional theory; exchange interactions (electron); electron correlations; ground states; electron gas; electron density; RPA calculations; molecular electronic states; dissociation},
 Number = {1},
 Pages = {1--20},
 Publisher = {AIP},
 Title = {Jacob's ladder of density functional approximations for the exchange-correlation energy},
 Url = {http://link.aip.org/link/?APC/577/1/1},
 Volume = {577},
 Year = {2001}}

@article{Perdew2005,
 Anote = {062201-1--062201-9},
 Author = {Perdew,J. P. and Ruzsinszky,A. and Tao,J. and Staroverov,V. N. and Scuseria,G. E. and Csonka,G. I.},
 Bdsk-Url-1 = {www.scopus.com},
 journal = jcp,
 Number = {6},
 Pages = {062201},
 Title = {Prescription for the design and selection of density functional approximations: More constraint satisfaction with fewer fits},
 Url = {www.scopus.com},
 Volume = {123},
 Year = {2005}}

@article{Perdew2009,
 Anote = {902},
 Author = {Perdew,J. P. and Ruzsinszky,A. and Constantin,L. A. and Sun,J. and Csonka,G. I.},
 Bdsk-Url-1 = {www.scopus.com},
 journal = jctc,
 Number = {4},
 Pages = {902--908},
 Title = {Some fundamental issues in ground-state density functional theory: A guide for the perplexed},
 Url = {www.scopus.com},
 Volume = {5},
 Year = {2009}}

@article{Perdew2010,
 Anote = {2801},
 Author = {Perdew,J. P. and Ruzsinszky,A.},
 Bdsk-Url-1 = {www.scopus.com},
 journal = ijqc,
 Number = {15},
 Pages = {2801--2807},
 Title = {Fourteen easy lessons in density functional theory},
 Url = {www.scopus.com},
 Volume = {110},
 Year = {2010}}

@article{Phatak2008,
 Anote = {19672},
 Author = {Phatak,P. and Ghosh,N. and Yu,H. and Cui,Q. and Elstner,M.},
 Bdsk-Url-1 = {www.scopus.com},
 journal = pnas,
 Number = {50},
 Pages = {19672--19677},
 Title = {Amino acids with an intermolecular proton bond as proton storage site in bacteriorhodopsin},
 Url = {www.scopus.com},
 Volume = {105},
 Year = {2008}}

@article{Phatak2009,
 Anote = {7064},
 Author = {Phatak,P. and Fr\"{a}hmcke,J. S. and Wanko,M. and Hoffmann,M. and Strodel,P. and Smith,J. C. and Suhai,S. and Bondar,A.-N. and Elstner,M.},
 Bdsk-Url-1 = {www.scopus.com},
 journal = jacs,
 Number = {20},
 Pages = {7064--7078},
 Title = {Long-distance proton transfer with a break in the bacteriorhodopsin active site},
 Url = {www.scopus.com},
 Volume = {131},
 Year = {2009}}

@article{Pitonak2008,
 Anote = {1829},
 Author = {Pito\v{n}\'{a}k,M. and Neogr\'{a}dy,P. and \v{R}ez\'{a}\v{c},J. and Jure\v{c}ka,P. and Urban,M. and Hobza,P.},
 Bdsk-Url-1 = {www.scopus.com},
 journal = jctc,
 Number = {11},
 Pages = {1829--1834},
 Title = {Benzene dimer: High-level wave function and density functional theory calculations},
 Url = {www.scopus.com},
 Volume = {4},
 Year = {2008}}

@article{Politzer2003,
 Anote = {505},
 Author = {Politzer,P. and Murray,J. S. and Lane,P.},
 Bdsk-Url-1 = {www.scopus.com},
 journal = jcc,
 Number = {4},
 Pages = {505--511},
 Title = {Electrostatic potentials and covalent radii},
 Url = {www.scopus.com},
 Volume = {24},
 Year = {2003}}

@article{Porezag1995,
 Anote = {12947},
 Author = {Porezag,D. and Frauenheim,Th and K\"ohler,Th and Seifert,G. and Kaschner,R.},
 Bdsk-Url-1 = {www.scopus.com},
 journal = prb,
 Number = {19},
 Pages = {12947--12957},
 Title = {Construction of tight-binding-like potentials on the basis of density-functional theory: Application to carbon},
 Url = {www.scopus.com},
 Volume = {51},
 Year = {1995}}

@book{Press2007,
 Address = {New York},
 Author = {Press, William H. and Teukolsky, Saul A. and Vetterling, William T. and Flannery, Brian P.},
 Edition = {3rd},
 Publisher = {Cambridge University Press},
 Title = {Numerical Recipes -- The Art of Scientific Computing},
 Year = {2007}}

@article{Range2005,
 Anote = {3070},
 Author = {Range,K. and Riccardi,D. and Cui,Q. and Elstner,M. and York,D. M.},
 Bdsk-Url-1 = {www.scopus.com},
 journal = pccp,
 Number = {16},
 Pages = {3070--3079},
 Title = {Benchmark calculations of proton affinities and gas-phase basicities of molecules important in the study of biological phosphoryl transfer},
 Url = {www.scopus.com},
 Volume = {7},
 Year = {2005}}

@article{Rao2009,
 Anote = {86},
 Author = {Rao,L. and Ke,H. and Fu,G. and Xu,X. and Yan,Y.},
 Bdsk-Url-1 = {www.scopus.com},
 journal = jctc,
 Number = {1},
 Pages = {86--96},
 Title = {Performance of several density functional theory methods on describing hydrogen-bond interactions},
 Url = {www.scopus.com},
 Volume = {5},
 Year = {2009}}

@article{Raymond1999,
 Anote = {207},
 Author = {Raymond,K. S. and Wheeler,R. A.},
 Bdsk-Url-1 = {www.scopus.com},
 journal = jcc,
 Number = {2},
 Pages = {207--216},
 Title = {Compatibility of correlation-consistent basis sets with a hybrid hartree-fock/ density functional method},
 Url = {www.scopus.com},
 Volume = {20},
 Year = {1999}}

@article{Rapacioli2011,
 Anote = {44},
 Author = {Rapacioli,M. and Spiegelman,F. and Scemama,A. and Mirtschink,A.},
 Bdsk-Url-1 = {www.scopus.com},
 journal = jctc,
 Number = {1},
 Pages = {44--55},
 Title = {Modeling charge resonance in cationic molecular clusters: Combining DFT-tight binding with configuration interaction},
 Url = {www.scopus.com},
 Volume = {7},
 Year = {2011}}

@article{Redfern2000,
 Anote = {5850},
 Author = {Redfern,P. C. and Zapol,P. and Curtiss,L. A. and Raghavachari,K.},
 journal = jpca,
 Number = {24},
 Pages = {5850--5854},
 Title = {Assessment of gaussian-3 and density functional theories for enthalpies of formation of C1--C16 alkanes},
 Volume = {104},
 Year = {2000}}

@article{Repasky2002,
 Anote = {1601},
 Author = {Repasky,M. P. and Chandrasekhar,J. and Jorgensen,W. L.},
 Bdsk-Url-1 = {www.scopus.com},
 journal = jcc,
 Number = {16},
 Pages = {1601--1622},
 Title = {PDDG/PM3 and PDDG/MNDO: Improved semiempirical methods},
 Url = {www.scopus.com},
 Volume = {23},
 Year = {2002}}

@article{Riccardi2006,
 Anote = {6458},
 Author = {Riccardi,D. and Schaefer,P. and Yang,Y. and Yu,H. and Ghosh,N. and Prat-Resina,X. and K\"{o}nig,P. and Li,G. and Xu,D. and Guo,H. and Elstner,M. and Cui,Q.},
 Bdsk-Url-1 = {www.scopus.com},
 journal = jpcb,
 Number = {13},
 Pages = {6458--6469},
 Title = {Development of effective quantum mechanical/molecular mechanical (QM/MM) methods for complex biological processes},
 Url = {www.scopus.com},
 Volume = {110},
 Year = {2006}}

@article{Riccardi2008,
 Anote = {2369},
 Author = {Riccardi,D. and K\"{o}nig,P. and Guo,H. and Cui,Q.},
 Bdsk-Url-1 = {www.scopus.com},
 journal = b,
 Number = {8},
 Pages = {2369--2378},
 Title = {Proton transfer in carbonic anhydrase is controlled by electrostatics rather than the orientation of the acceptor},
 Url = {www.scopus.com},
 Volume = {47},
 Year = {2008}}

@article{Riccardi2010,
 Anote = {342},
 Author = {Riccardi,D. and Yang,S. and Cui,Q.},
 Bdsk-Url-1 = {www.scopus.com},
 journal = bba,
 Number = {2},
 Pages = {342--351},
 Title = {Proton transfer function of carbonic anhydrase: Insights from QM/MM simulations},
 Url = {www.scopus.com},
 Volume = {1804},
 Year = {2010}}

@article{Riley2007,
 Anote = {407},
 Author = {Riley,K. E. and Op't Holt,B. T. and Merz Jr.,K. M.},
 Bdsk-Url-1 = {www.scopus.com},
 journal = jctc,
 Number = {2},
 Pages = {407--433},
 Title = {Critical assessment of the performance of density functional methods for several atomic and molecular properties},
 Url = {www.scopus.com},
 Volume = {3},
 Year = {2007}}

@article{Rocha2006,
 Anote = {1101},
 Author = {Rocha,G. B. and Freire,R. O. and Simas,A. M. and Stewart,J. J. P.},
 Bdsk-Url-1 = {www.scopus.com},
 journal = jcc,
 Number = {10},
 Pages = {1101--1111},
 Title = {RM1: A reparameterization of AM1 for H, C, N, O, P, S, F, Cl, Br, and I},
 Url = {www.scopus.com},
 Volume = {27},
 Year = {2006}}

@article{Santra2007,
 Author = {Santra,B. and Michaelides,A. and Scheffler,M.},
 Bdsk-Url-1 = {www.scopus.com},
 journal = jcp,
 Number = {18},
 Pages = {184104},
 Title = {On the accuracy of density-functional theory exchange-correlation functionals for H bonds in small water clusters: Benchmarks approaching the complete basis set limit},
 Url = {www.scopus.com},
 Volume = {127},
 Year = {2007}}

@article{Sattelmeyer2006-1,
 Anote = {413},
 Author = {Sattelmeyer,K. W. and Tubert-Brohman,I. and Jorgensen,W. L.},
 Bdsk-Url-1 = {www.scopus.com},
 journal = jctc,
 Number = {2},
 Pages = {413--419},
 Title = {NO-MNDO: Reintroduction of the overlap matrix into MNDO},
 Url = {www.scopus.com},
 Volume = {2},
 Year = {2006}}

@article{Sattelmeyer2006,
 Anote = {13551},
 Author = {Sattelmeyer,K. W. and Tirado-Rives,J. and Jorgensen,W. L.},
 Bdsk-Url-1 = {www.scopus.com},
 journal = jpca,
 Number = {50},
 Pages = {13551--13559},
 Title = {Comparison of SCC-DFTB and NDDO-based semiempirical molecular orbital methods for organic molecules},
 Url = {www.scopus.com},
 Volume = {110},
 Year = {2006}}

@article{Schaefer1994,
 Anote = {5829},
 Author = {Ansgar Sch\"{a}fer and Christian Huber and Reinhart Ahlrichs},
 journal = jcp,
 Number = {8},
 Pages = {5829--5835},
 Title = {Fully optimized contracted Gaussian basis sets of triple zeta valence quality for atoms Li to Kr},
 Volume = {100},
 Year = {1994}}

@phdthesis{ScholtenDiss,
 Author = {Scholten, M.},
 School = {University of D\"usseldorf, D\"usseldorf, Germany},
 Title = {title},
 Year = {2003}}

@article{Seabra2007,
 Anote = {5655},
 Author = {Seabra,G. D. M. and Walker,R. C. and Elstner,M. and Case,D. A. and Roitberg,A. E.},
 Bdsk-Url-1 = {www.scopus.com},
 journal = jpca,
 Number = {26},
 Pages = {5655--5664},
 Title = {Implementation of the SCC-DFTB method for hybrid QM/MM simulations within the Amber molecular dynamics package},
 Url = {www.scopus.com},
 Volume = {111},
 Year = {2007}}

@article{Seabra2009,
 Anote = {11938},
 Author = {Seabra,G. D. M. and Walker,R. C. and Roitberg,A. E.},
 Bdsk-Url-1 = {www.scopus.com},
 journal = jpca,
 Number = {43},
 Pages = {11938--11948},
 Title = {Are current semiempirical methods better than force fields? A study from the thermodynamics perspective},
 Url = {www.scopus.com},
 Volume = {113},
 Year = {2009}}

@article{Seifert1985,
 Anote = {573},
 Author = {Seifert,G. and Eschrig,H.},
 Bdsk-Url-1 = {www.scopus.com},
 journal = pssb,
 Number = {2},
 Pages = {573--585},
 Title = {LCAO-X alpha CALCULATIONS OF TRANSITION METAL CLUSTERS.},
 Url = {www.scopus.com},
 Volume = {127},
 Year = {1985}}

@article{Seifert1986,
 Author = {Seifert,G. and Eschrig,H. and Bieger, W.},
 journal = zpc,
 Pages = {529--539},
 Volume = {267},
 Year = {1986}}

@article{Seifert1996,
 Anote = {185},
 Author = {Seifert,G. and Porezag,D. and Frauenheim,Th},
 Bdsk-Url-1 = {www.scopus.com},
 journal = ijqc,
 Number = {2},
 Pages = {185--192},
 Title = {Calculations of molecules, clusters, and solids with a simplified LCAO-DFT-LDA scheme},
 Url = {www.scopus.com},
 Volume = {58},
 Year = {1996}}

@article{Seifert2007,
 Anote = {5609},
 Author = {Seifert,G.},
 Bdsk-Url-1 = {www.scopus.com},
 journal = jpca,
 Number = {26},
 Pages = {5609--5613},
 Title = {Tight-binding density functional theory: An approximate Kohn-Sham DFT scheme},
 Url = {www.scopus.com},
 Volume = {111},
 Year = {2007}}

@article{Seifert2012,
 Anote = {5609},
 Author = {Seifert,G. and Joswig,J.-O.},
 Bdsk-Url-1 = {www.scopus.com},
 journal = wires,
 Pages = {456--465},
 Url = {www.scopus.com},
 Volume = {2},
 Year = {2012}}

@article{SennThielQMMM09,
 Anote = {1198},
 Author = {Senn,H. M. and Thiel,W.},
 journal = acie,
 Number = {7},
 Pages = {1198--1229},
 Title = {QM/MM methods for biomolecular systems},
 Volume = {48},
 Year = {2009}}

@article{SennThielQMMM07,
 Anote = {182},
 Author = {Senn, H. M. and Thiel, W.},
 journal = cocb,
 Pages = {182--187},
 Title = {QM/MM studies of enzymes},
 Volume = {11},
 Year = {2007}}

@article{Simon1996,
 Anote = {11024},
 Author = {Simon,S. and Duran,M. and Dannenberg,J. J.},
 Bdsk-Url-1 = {www.scopus.com},
 journal = jcp,
 Number = {24},
 Pages = {11024--11031},
 Title = {How does basis set superposition error change the potential surfaces for hydrogen-bonded dimers?},
 Url = {www.scopus.com},
 Volume = {105},
 Year = {1996}}

@article{Slater1951,
 Anote = {385},
 Author = {Slater, J. C.},
 Bdsk-Url-1 = {http://dx.doi.org/10.1103/PhysRev.81.385},
 Doi = {10.1103/PhysRev.81.385},
 journal = pr,
 Month = {Feb},
 Number = {3},
 Pages = {385--390},
 Publisher = {American Physical Society},
 Title = {A Simplification of the Hartree-Fock Method},
 Volume = {81},
 Year = {1951}}

@article{Slater1954,
 Anote = {1498},
 Author = {Slater, J. C. and Koster, G. F.},
 Bdsk-Url-1 = {http://dx.doi.org/10.1103/PhysRev.94.1498},
 Doi = {10.1103/PhysRev.94.1498},
 journal = pr,
 Number = {6},
 Pages = {1498--1524},
 Pdf = {/nfs/home/mgaus/lit/Slater1954.pdf},
 Publisher = {American Physical Society},
 Title = {Simplified LCAO Method for the Periodic Potential Problem},
 Volume = {94},
 Year = {1954}}

@article{Stephens1994,
 Anote = {11623},
 Author = {Stephens,P. J. and Devlin,F. J. and Chabalowski,C. F. and Frisch,M.J.},
 Bdsk-Url-1 = {www.scopus.com},
 journal = jpc,
 Number = {45},
 Pages = {11623--11627},
 Title = {Ab Initio calculation of vibrational absorption and circular dichroism spectra using density functional force fields},
 Url = {www.scopus.com},
 Volume = {98},
 Year = {1994}}

@article{Stewart1989,
 Anote = {209},
 Author = {Stewart, J. J. P.},
 Bdsk-Url-1 = {http://dx.doi.org/10.1002/jcc.540100208},
 Doi = {10.1002/jcc.540100208},
 journal = jcc,
 Number = {2},
 Pages = {209--220},
 Title = {Optimization of parameters for semiempirical methods I. Method},
 Volume = {10},
 Year = {1989}}

@article{Stewart2004,
 Anote = {6},
 Author = {Stewart,J. J. P.},
 Bdsk-Url-1 = {www.scopus.com},
 journal = jmm,
 Number = {1},
 Pages = {6--12},
 Title = {Comparison of the accuracy of semiempirical and some DFT methods for predicting heats of formation},
 Url = {www.scopus.com},
 Volume = {10},
 Year = {2004}}

@article{Stewart2007,
 Anote = {1173},
 Author = {Stewart,J. J. P.},
 Bdsk-Url-1 = {www.scopus.com},
 journal = jmm,
 Number = {12},
 Pages = {1173--1213},
 Title = {Optimization of parameters for semiempirical methods V: Modification of NDDO approximations and application to 70 elements},
 Url = {www.scopus.com},
 Volume = {13},
 Year = {2007}}

@book{SzaboOstlund,
 Address = {New York},
 Author = {Szabo, A. and Ostlund, N. S.},
 Publisher = {MacMillan Publishing Co.},
 Title = {Modern Quantum Chemistry: Introduction to Advanced Electronic Structure Theory},
 Year = {1982}}

@article{Tam1991,
 Anote = {9267},
 Author = {Tam,H. S. and Choe,J.-I. and Harmony,M. D.},
 Bdsk-Url-1 = {www.scopus.com},
 journal = jpc,
 Number = {23},
 Pages = {9267--9272},
 Title = {Molecular structure of polyatomic molecules using scaled moments of inertia},
 Url = {www.scopus.com},
 Volume = {95},
 Year = {1991}}

@article{Thomas1927,
 Anote = {542},
 Author = {Thomas, L. H.},
 journal = mpcps,
 Pages = {542--548},
 Title = {The calculation of atomic fields},
 Volume = {23},
 Year = {1927}}

@article{Tirado-Rives2008,
 Anote = {297},
 Author = {Tirado-Rives,J. and Jorgensen,W. L.},
 Bdsk-Url-1 = {www.scopus.com},
 journal = jctc,
 Number = {2},
 Pages = {297--306},
 Title = {Performance of B3LYP density functional methods for a large set of organic molecules},
 Url = {www.scopus.com},
 Volume = {4},
 Year = {2008}}

@article{Tozer1998c,
 Anote = {707},
 Author = {Handy,N. C. and Tozer,D. J.},
 Bdsk-Url-1 = {www.scopus.com},
 journal = mp,
 Number = {4},
 Pages = {707--715},
 Title = {The development of new exchange-correlation functionals: 3},
 Url = {www.scopus.com},
 Volume = {94},
 Year = {1998}}

@article{Tozer1998b,
 Anote = {3162},
 Author = {Tozer,D. J. and Handy,N. C.},
 Bdsk-Url-1 = {www.scopus.com},
 journal = jpca,
 Number = {18},
 Pages = {3162--3168},
 Title = {Development of new exchange-correlation functionals. 2},
 Url = {www.scopus.com},
 Volume = {102},
 Year = {1998}}

@article{Tozer1998a,
 Anote = {2545},
 Author = {Tozer,D. J. and Handy,N. C.},
 journal = jcp,
 Number = {6},
 Pages = {2545--2555},
 Title = {The development of new exchange-correlation functionals},
 Volume = {108},
 Year = {1998}}

@misc{tm5-10,
 Anote = {TURBOMOLE V5-10, 14 Jan 2008, Copyright (C) 2008 University of Karlsruhe.},
 Note = {TURBOMOLE V5-10 2008, a development of Universit\"at Karlsruhe (TH) and Forschungszentrum Karlsruhe GmbH, 1989-2007, TURBOMOLE GmbH, since 2007; available from http://www.turbomole.com.}}

@article{Vosko1980,
 Anote = {1200},
 Author = {S. H. Vosko and L. Wilk and M. Nusair},
 Bdsk-Url-1 = {http://www.nrcresearchpress.com/doi/abs/10.1139/p80--159},
 Bdsk-Url-2 = {http://dx.doi.org/10.1139/p80--159},
 Doi = {10.1139/p80--159},
 Eprint = {http://www.nrcresearchpress.com/doi/pdf/10.1139/p80--159},
 journal = cajp,
 Number = {8},
 Pages = {1200--1211},
 Title = {Accurate spin-dependent electron liquid correlation energies for local spin density calculations: a critical analysis},
 Url = {http://www.nrcresearchpress.com/doi/abs/10.1139/p80--159},
 Volume = {58},
 Year = {1980}}

@article{Vydrov2004,
 Anote = {8187},
 Author = {Oleg A. Vydrov and Gustavo E. Scuseria},
 Bdsk-Url-1 = {http://dx.doi.org/10.1063/1.1794633},
 Doi = {10.1063/1.1794633},
 journal = jcp,
 Number = {17},
 Pages = {8187--8193},
 Publisher = {AIP},
 Title = {Effect of the Perdew-Zunger self-interaction correction on the thermochemical performance of approximate density functionals},
 Volume = {121},
 Year = {2004}}

@article{Vydrov2005,
 Anote = {184107-1--184107-7},
 Author = {Vydrov,O. A. and Scuseria,G. E.},
 Bdsk-Url-1 = {www.scopus.com},
 journal = jcp,
 Number = {18},
 Pages = {184107},
 Title = {Ionization potentials and electron affinities in the Perdew-Zunger self-interaction corrected density-functional theory},
 Url = {www.scopus.com},
 Volume = {122},
 Year = {2005}}

@article{Vydrov2006,
 Author = {Vydrov,O. A. and Scuseria,G. E. and Perdew,J. P. and Ruzsinszky,A. and Csonka,G. I.},
 Bdsk-Url-1 = {www.scopus.com},
 journal = jcp,
 Number = {9},
 Pages = {094108},
 Title = {Scaling down the Perdew-Zunger self-interaction correction in many-electron regions},
 Url = {www.scopus.com},
 Volume = {124},
 Year = {2006}}

@article{Wang2004,
 Anote = {7632},
 Author = {Wang,N. X. and Wilson,A. K.},
 Bdsk-Url-1 = {www.scopus.com},
 journal = jcp,
 Number = {16},
 Pages = {7632--7646},
 Title = {The behavior of density functionals with respect to basis set. I. The correlation consistent basis sets},
 Url = {www.scopus.com},
 Volume = {121},
 Year = {2004}}

@article{Wanko2004,
 Anote = {1674},
 Author = {Wanko, M and Garavelli, M and Bernardi, F and Niehaus, T. A. and Frauenheim, T and Elstner, M},
 journal = jcp,
 Number = {4},
 Pages = {1674--1692},
 Title = {A global investigation of excited state surfaces within time-dependent density-functional response theory},
 Volume = {120},
 Year = {2004}}

@article{Wanko2005,
 Anote = {3606},
 Author = {Wanko,M. and Hoffmann,M. and Strodel,P. and Koslowski,A. and Thiel,W. and Neese,F. and Frauenheim,T. and Elstner,M.},
 Bdsk-Url-1 = {www.scopus.com},
 journal = jpcb,
 Number = {8},
 Pages = {3606--3615},
 Title = {Calculating absorption shifts for retinal proteins: Computational challenges},
 Url = {www.scopus.com},
 Volume = {109},
 Year = {2005}}

@article{Wanko2006,
 Anote = {511},
 Author = {Wanko,M. and Hoffmann,M. and Frauenheim,T. and Elstner,M.},
 Bdsk-Url-1 = {www.scopus.com},
 journal = jcamd,
 Number = {7--8},
 Pages = {511--518},
 Title = {Computational photochemistry of retinal proteins},
 Url = {www.scopus.com},
 Volume = {20},
 Year = {2006}}

@article{Weber2000,
 Anote = {495},
 Author = {Weber,W. and Thiel,W.},
 Bdsk-Url-1 = {www.scopus.com},
 journal = tca,
 Number = {6},
 Pages = {495--506},
 Title = {Orthogonalization corrections for semiempirical methods},
 Url = {www.scopus.com},
 Volume = {103},
 Year = {2000}}

@phdthesis{WeberDiss,
 Author = {Weber, W.},
 School = {University of Z\"urich, Z\"urich, Switzerland},
 Title = {title},
 Year = {1996}}

@article{Widany1996,
 Anote = {4443},
 Author = {Widany,J. and Frauenheim,Th and K\"{o}hler,Th and Sternberg,M. and Porezag,D. and Jungnickel,G. and Seifert,G.},
 Bdsk-Url-1 = {www.scopus.com},
 journal = prbcmmp,
 Number = {8},
 Pages = {4443--4452},
 Title = {Density-functional-based construction of transferable nonorthogonal tight-binding potentials for B, N, BN, BH, and NH},
 Url = {www.scopus.com},
 Volume = {53},
 Year = {1996}}

@article{Winget2003,
 Anote = {254},
 Author = {Winget,P. and Sel\c{c}uki,C. and Horn,A. H. C. and Martin,B. and Clark,T.},
 Bdsk-Url-1 = {www.scopus.com},
 journal = tca,
 Number = {4},
 Pages = {254--266},
 Title = {Towards a \"next generation\" neglect of diatomic differential overlap based semiempirical molecular orbital technique},
 Url = {www.scopus.com},
 Volume = {110},
 Year = {2003}}

@article{Witek2004,
 Anote = {5163},
 Author = {Witek,H. A. and Irle,S. and Morokuma,K.},
 Bdsk-Url-1 = {www.scopus.com},
 journal = jcp,
 Number = {11},
 Pages = {5163--5170},
 Title = {Analytical second-order geometrical derivatives of energy for the self-consistent-charge density-functional tight-binding method},
 Url = {www.scopus.com},
 Volume = {121},
 Year = {2004}}

@article{Witek2006,
 Author = {Witek,H. A. and Irle,S. and Zheng,G. and De Jong,W. A. and Morokuma,K.},
 Bdsk-Url-1 = {www.scopus.com},
 journal = jcp,
 Number = {21},
 Pages = {214706},
 Title = {Modeling carbon nanostructures with the self-consistent charge density-functional tight-binding method: Vibrational spectra and electronic structure of C28, C60, and C70},
 Url = {www.scopus.com},
 Volume = {125},
 Year = {2006}}

@article{Witek2005Infrared,
 Anote = {639},
 Author = {Witek,H. A. and Morokuma,K. and Stradomska,A.},
 Bdsk-Url-1 = {www.scopus.com},
 journal = jtcc,
 Number = {SPEC.ISS.},
 Pages = {639--655},
 Title = {Modeling vibrational spectra using the self-consistent charge density-functional tight-binding method II. Infrared spectra},
 Url = {www.scopus.com},
 Volume = {4},
 Year = {2005}}

@article{Witek2004systematic,
 Anote = {1858},
 Author = {Witek,H. A. and Morokuma,K.},
 Bdsk-Url-1 = {www.scopus.com},
 journal = jcc,
 Number = {15},
 Pages = {1858--1864},
 Title = {Systematic study of vibrational frequencies calculated with the self-consistent charge density functional tight-binding method},
 Url = {www.scopus.com},
 Volume = {25},
 Year = {2004}}

@article{Witek2004Raman,
 Anote = {5171},
 Author = {Witek,H. A. and Morokuma,K. and Stradomska,A.},
 Bdsk-Url-1 = {www.scopus.com},
 journal = jcp,
 Number = {11},
 Pages = {5171--5178},
 Title = {Modeling vibrational spectra using the self-consistent charge density-functional tight-binding method. I. Raman spectra},
 Url = {www.scopus.com},
 Volume = {121},
 Year = {2004}}

@article{Witek2007,
 Anote = {5712},
 Author = {Witek,H. A. and K\"ohler,C. and Frauenheim,T. and Morokuma,K. and Elstner,M.},
 Bdsk-Url-1 = {www.scopus.com},
 journal = jpca,
 Number = {26},
 Pages = {5712--5719},
 Title = {Relativistic parametrization of the self-consistent-charge density-functional tight-binding method. 1. Atomic wave functions and energies},
 Url = {www.scopus.com},
 Volume = {111},
 Year = {2007}}

@article{Wu2002,
 Anote = {515},
 Author = {Wu,Q. and Yang,W.},
 journal = jcp,
 Number = {2},
 Pages = {515--524},
 Title = {Empirical correction to density functional theory for van der Waals interactions},
 Volume = {116},
 Year = {2002}}

@article{Xu2004,
 Anote = {2305},
 Author = {Xu,X. and Goddard III,W. A.},
 Bdsk-Url-1 = {www.scopus.com},
 journal = jpca,
 Number = {12},
 Pages = {2305--2313},
 Title = {Bonding Properties of the Water Dimer: A Comparative Study of Density Functional Theories},
 Url = {www.scopus.com},
 Volume = {108},
 Year = {2004}}

@article{Yang2007,
 Anote = {10861},
 Author = {Yang,Y. and Yu,H. and York,D. and Cui,Q. and Elstner,M.},
 Bdsk-Url-1 = {www.scopus.com},
 journal = jpca,
 Number = {42},
 Pages = {10861--10873},
 Title = {Extension of the self-consistent-charge density-functional tight-binding method: Third-order expansion of the density functional theory total energy and introduction of a modified effective coulomb interaction},
 Url = {www.scopus.com},
 Volume = {111},
 Year = {2007}}

@article{Yang2007-phosphateh2o,
 Anote = {3999},
 Author = {Yang,Y. and Cui,Q.},
 Bdsk-Url-1 = {www.scopus.com},
 journal = jpcb,
 Number = {16},
 Pages = {3999--4002},
 Title = {Interactions between phosphate and water in solution: A natural bond orbital based analysis in a QM/MM framework},
 Url = {www.scopus.com},
 Volume = {111},
 Year = {2007}}

@article{Yang2008,
 Anote = {2067},
 Author = {Yang,Y. and Yu,H. and York,D. and Elstner,M. and Cui,Q.},
 Bdsk-Url-1 = {www.scopus.com},
 journal = jctc,
 Number = {12},
 Pages = {2067--2084},
 Title = {Description of phosphate hydrolysis reactions with the Self-Consistent-charge Density-Functional-Tight-Binding (SCC-DFTB) theory. 1. Parameterization},
 Url = {www.scopus.com},
 Volume = {4},
 Year = {2008}}

@article{Yang2008-myosin,
 Anote = {1407},
 Author = {Yang,Y. and Yu,H. and Cui,Q.},
 Bdsk-Url-1 = {www.scopus.com},
 journal = jmb,
 Number = {5},
 Pages = {1407--1420},
 Title = {Extensive Conformational Transitions Are Required to Turn On ATP Hydrolysis in Myosin},
 Url = {www.scopus.com},
 Volume = {381},
 Year = {2008}}

@article{Yang2009,
 Anote = {12439},
 Author = {Yang,Y. and Cui,Q.},
 Bdsk-Url-1 = {www.scopus.com},
 journal = jpca,
 Number = {45},
 Pages = {12439--12446},
 Title = {The hydrolysis activity of adenosine triphosphate in myosin: a theoretical analysis of anomeric effects and the nature of the transition state},
 Url = {www.scopus.com},
 Volume = {113},
 Year = {2009}}

@article{Yang2009-2,
 Anote = {4930},
 Author = {Yang,Y. and Cui,Q.},
 Bdsk-Url-1 = {www.scopus.com},
 journal = jpcb,
 Number = {14},
 Pages = {4930--4939},
 Title = {Does water relay play an important role in phosphoryl transfer reactions? Insights from theoretical study of a model reaction in water and tert-butanol},
 Url = {www.scopus.com},
 Volume = {113},
 Year = {2009}}

@incollection{Zerner1991,
 Address = {New York},
 Author = {Zerner, M. C.},
 Booktitle = {Reviews in Computational Chemistry, Vol 2},
 Editor = {Lipkowitz, K. B. and Boyd, D. B.},
 Pages = {313},
 Publisher = {VCH},
 Title = {Semiempirical Molecular Orbital Methods},
 Year = {1991}}

@article{Zhao2005,
 Anote = {415},
 Author = {Zhao,Y and Truhlar,D.G.},
 journal = jctc,
 Number = {3},
 Pages = {415--432},
 Title = {Benchmark databases for nonbonded interactions and their use to test density functional theory},
 Volume = {1},
 Year = {2005}}

@article{Zhang2000,
 Anote = {346},
 Author = {Zhang,Y. and Yang,W.},
 Bdsk-Url-1 = {www.scopus.com},
 journal = tca,
 Number = {3--4},
 Pages = {346--348},
 Title = {Perspective on \"Density-functional theory for fractional particle number: Derivative discontinuities of the energy\"},
 Url = {www.scopus.com},
 Volume = {103},
 Year = {2000}}

@article{Zhang2002,
 Anote = {14871},
 Author = {Zhang,X. and Harrison,D. H. T. and Cui,Q.},
 Bdsk-Url-1 = {www.scopus.com},
 journal = jacs,
 Number = {50},
 Pages = {14871--14878},
 Title = {Functional specificities of methylglyoxal synthase and triosephosphate isomerase: A combined QM/MM analysis},
 Url = {www.scopus.com},
 Volume = {124},
 Year = {2002}}

@article{Zhou2002,
 Anote = {91},
 Author = {Zhou,H. and Tajkhorshid,E. and Frauenheim,T. and Suhai,S. and Elstner,M.},
 Bdsk-Url-1 = {www.scopus.com},
 journal = cp,
 Number = {2},
 Pages = {91--103},
 Title = {Performance of the AM1, PM3, and SCC-DFTB methods in the study of conjugated Schiff base molecules},
 Url = {www.scopus.com},
 Volume = {277},
 Year = {2002}}

@article{Zhu2007,
 Anote = {1538},
 Author = {Zhu,X. and Yethiraj,A. and Cui,Q.},
 Bdsk-Url-1 = {www.scopus.com},
 journal = jctc,
 Number = {4},
 Pages = {1538--1549},
 Url = {www.scopus.com},
 Volume = {3},
 Year = {2007}}

@misc{cccbdb,
 Note = { {NIST C}omputational {C}hemistry {C}omparison and {B}enchmark {D}atabase, {NIST S}tandard {R}eference {D}atabase {N}umber 101 {R}elease 15b, {A}ugust 2011, {E}ditor: {R}ussell {D. J}ohnson {III} http://cccbdb.nist.gov/ (accessed May 31, 2012)}}

@misc{cccbdbold,
 Note = { {NIST C}omputational {C}hemistry {C}omparison and {B}enchmark {D}atabase, {NIST S}tandard {R}eference {D}atabase {N}umber 101 {R}elease 14, {S}ept 2006, {E}ditor: {R}ussell {D. J}ohnson {III} http://srdata.nist.gov/cccbdb }}

@misc{JPCAspecialissueDFTB,
 Note = {Density Functional Tight Binding: Contributions from the American Chemical Society Symposium, J. Phys. Chem. A, 2007, 111, 5607.}}


@article{James2006,
title = "Objective structures",
journal = jmps,
volume = "54",
number = "11",
pages = "2354 - 2390",
year = "2006",
issn = "0022-5096",
doi = "https://doi.org/10.1016/j.jmps.2006.05.008",
url = "http://www.sciencedirect.com/science/article/pii/S0022509606001049",
author = "R.D. James",
keywords = "Atomistic structures, Biological material, Numerical algorithms",
abstract = "An objective atomic structure is a collection of atoms represented by mass points or ions for which every atom sees precisely the same atomic environment, up to rotation (or, more generally, orthogonal transformations) and translation. An objective molecular structure is a collection of molecules in which corresponding atoms in each molecule see precisely the same environment up to orthogonal transformation and translation. Many of the most actively studied structures in science satisfy these conditions, including an arbitrary ordered periodic crystal lattice, the tails and also the capsids of certain viruses, carbon nanotubes, many of the common proteins and C60. A single crystal rod that has been bent and twisted into helical form also satisfies the conditions in a certain sense. The quantum mechanical significance of objective structures is described and some general methods for generating such structures are developed. Using these methods, some unexpected objective structures are revealed. Methods for simplified atomic level calculations of the energy, equilibrium and dynamics of these structures are given."
}

@article{Dumitrica2007,
title = "Objective molecular dynamics",
journal = jmps,
volume = "55",
number = "10",
pages = "2206 - 2236",
year = "2007",
issn = "0022-5096",
doi = "https://doi.org/10.1016/j.jmps.2007.03.001",
url = "http://www.sciencedirect.com/science/article/pii/S0022509607000415",
author = "Traian Dumitric\u{a} and Richard D. James",
keywords = "Atomistic structures, Numerical algorithms, Buckling, Structures, Dynamics",
abstract = "We introduce a generalization of periodic molecular dynamics that we term objective molecular dynamics. It is a method of doing molecular dynamics for a restricted set of atoms, nonperiodically mapping the time-dependent displacements of this small set of atoms onto the full, typically infinite structure, such that the full structure satisfies exactly the full, unconstrained set of equations of molecular dynamics subject to certain group-invariant initial conditions. The method is applicable to a wide variety of interesting molecular structures including the tails, capsids and other parts of many viruses, carbon nanotubes, many of the common proteins, C60 and many other nanostructures now being synthesized, especially via the process of self-assembly. The method is illustrated by simulations of carbon nanotubes."
}

@article{ZhangDumitrica2008,
author = {Zhang,D.-B. and Dumitric\u{a},T. },
title = {Elasticity of ideal single-walled carbon nanotubes via symmetry-adapted tight-binding objective modeling},
journal = apl,
volume = {93},
number = {3},
pages = {031919},
year = {2008},
doi = {10.1063/1.2965465},

URL = {
 https://doi.org/10.1063/1.2965465

},
}

@article{ZhangHuaDumitrica2008,
author = {Zhang,D.-B. and Hua,M. and Dumitric\u{a},T. },
title = {Stability of polycrystalline and wurtzite Si nanowires via symmetry-adapted tight-binding objective molecular dynamics},
journal = jcp,
volume = {128},
number = {8},
pages = {084104},
year = {2008},
doi = {10.1063/1.2837826},

URL = {
 https://doi.org/10.1063/1.2837826

},

}

}
@article{White1993,
 title = {Helical and rotational symmetries of nanoscale graphitic tubules},
 author = {White, C. T. and Robertson, D. H. and Mintmire, J. W.},
 journal = prb,
 volume = {47},
 issue = {9},
 pages = {5485--5488},
 numpages = {0},
 year = {1993},
 month = {Mar},
 publisher = {American Physical Society},
 doi = {10.1103/PhysRevB.47.5485},
 url = {https://link.aps.org/doi/10.1103/PhysRevB.47.5485}
}

@article{Nikiforov2013,
author = {Nikiforov,I. and Hourahine,B. and Aradi,B. and Frauenheim,Th. and Dumitric\u{a},T. },
title = {Ewald summation on a helix: A route to self-consistent charge density-functional based tight-binding objective molecular dynamics},
journal = jcp,
volume = {139},
number = {9},
pages = {094110},
year = {2013},
doi = {10.1063/1.4819910},

URL = {
 https://doi.org/10.1063/1.4819910

},

}

}

@article{Nikiforov2014,
author = {Nikiforov, I. and Hourahine, B. and Frauenheim, Th. and Dumitric\u{a}, T.},
title = {Formation of Helices in Graphene Nanoribbons under Torsion},
journal = jpcl,
volume = {5},
number = {23},
pages = {4083-4087},
year = {2014},
doi = {10.1021/jz501837r},

URL = {
 https://doi.org/10.1021/jz501837r

},

}

@article{Verma2016,
 title = {Directional-dependent thickness and bending rigidity of phosphorene},
 author = {Verma, Deepti and Hourahine, Ben and Frauenheim, Thomas
 and James, Richard D. and Dumitric\u{a}, Traian},
 journal = prb,
 volume = {94},
 issue = {12},
 pages = {121404},
 numpages = {5},
 year = {2016},
 month = {Sep},
 publisher = {American Physical Society},
 doi = {10.1103/PhysRevB.94.121404},
 url = {https://link.aps.org/doi/10.1103/PhysRevB.94.121404}
}

@article{XU2019,
title = "Collapsed carbon nanotubes: From nano to mesoscale via density functional theory-based tight-binding objective molecular modeling",
journal = ca,
volume = "143",
pages = "786 - 792",
year = "2019",
issn = "0008-6223",
doi = "https://doi.org/10.1016/j.carbon.2018.11.068",
url = "http://www.sciencedirect.com/science/article/pii/S0008622318310996",
author = "Hao Xu and Grigorii Drozdov and Ben Hourahine and Jin Gyu
 Park and Rebekah Sweat and Thomas Frauenheim and
 Traian Dumitric\u{a}",
}

@article{DUMITRICA2019,
title = "Intrinsic twist in I$\beta$ cellulose microfibrils by
                  tight-binding objective boundary calculations",
journal = cpo,
pages = "115624",
year = "2019",
issn = "0144-8617",
doi = "https://doi.org/10.1016/j.carbpol.2019.115624",
url = "http://www.sciencedirect.com/science/article/pii/S0144861719312925",
author = "Traian Dumitric\u{a}",
keywords = "Cellulose, Twist, Tight-Binding, Modeling, Microfibril",
}

@article{Zhechkov2005,
author = {Zhechkov, Lyuben and Heine, Thomas and Patchkovskii, Serguei and Seifert, Gotthard and Duarte, Helio A.},
title = {An Efficient a Posteriori Treatment for Dispersion Interaction in Density-Functional-Based Tight Binding},
journal = jctc,
volume = {1},
number = {5},
pages = {841-847},
year = {2005},
doi = {10.1021/ct050065y},

URL = {
 https://doi.org/10.1021/ct050065y

},
 }

@article{Rappe1992,
author = {Rappe, A. K. and Casewit, C. J. and Colwell, K. S. and Goddard, W. A. and Skiff, W. M.},
title = {UFF, a full periodic table force field for molecular mechanics and molecular dynamics simulations},
journal = jacs,
volume = {114},
number = {25},
pages = {10024-10035},
year = {1992},
doi = {10.1021/ja00051a040},

URL = {https://doi.org/10.1021/ja00051a040},
}


@Article{roothan-rmp-1960a,
 author = {Roothan, C. C. J.},
 title = {Self-Consistent Field Theory for Open Shells of Electronic Systems},
 journal = rmp,
 year = {1960},
 volume = {32},
 pages = {179}
}


@Article{roothan-rmp-1960b,
 author = {Roothan, C. C. J. and Sachs, L. M. and Weiss, A. W.},
 title = {Analytical Self-Consistent Field Functions for the Atomic Configurations 1$s^2$, 1$s^2$2$s$, and 1$s^2$2$s^2$},
 journal = rmp,
 year = {1960},
 volume = {32},
 pages = {186}
}


@Article{libxc,
 author = {Susi Lehtola and Conrad Steigemann and Micael J.T. Oliveira
                  and Miguel A.L. Marques},
 title = {Recent developments in Libxc - A comprehensive library of
                  functionals for density functional theory},
 journal = sx,
 year = {2018},
 volume = {7},
 pages = {1},
}

@Article{becke-jcp-1988,
 author = {Becke, A. D.},
 title = {A multicenter numerical integration scheme for polyatomic molecules},
 journal = jcp,
 year = {1988},
 volume = {88},
 pages = {2547}
}

@article {phonopy,
 journal = sma,
 Year = {2015},
 Title = {First principles phonon calculations in materials science},
 Author = {Togo, A and Tanaka, I},
 Pages = {1--5},
 Volume = {108},
 Month = {Nov},
 doi = {10.1016/j.scriptamat.2015.07.021}
}


@Article{ipi,
 author = {Ceriotti, M. and More, J. and Manolopoulos, D. E.},
 title = {i-{PI}: A Python interface for ab initio path
 integral molecular dynamics simulations},
 journal = cpc,
 year = 2014,
 volume = 185,
 pages = {1019--1026}
}

@article{nishimoto2017317,
title = "Quantum chemical prediction of vibrational spectra of large molecular systems with radical or metallic electronic structure",
journal = cpl,
volume = "667",
pages = "317 - 321",
year = "2017",
issn = "0009-2614",
doi = "https://doi.org/10.1016/j.cplett.2016.11.014",
url = "http://www.sciencedirect.com/science/article/pii/S000926141630896X",
author = "Yoshio Nishimoto and Stephan Irle",
keywords = "Density-functional tight-binding, Fractional occupation number, Geometrical second-order derivative",
}

@Misc{BIOVIA-MS,
 title = {{BIOVIA} {M}aterials {S}tudio},
 year = {Accessed: 2019-12-16},
 howpublished = {{https://www.3ds.com/products-services/biovia/products/molecular-modeling-simulation/biovia-materials-studio/}}
}

@Misc{BIOVIA-MSC,
 title = {{BIOVIA} {M}aterials {S}tudio Collection},
 year = {Accessed: 2021-11-25},
 howpublished = {{https://www.3ds.com/products-services/biovia/products/molecular-modeling-simulation/biovia-materials-studio/materials-science/}},
}

@Article{C7RA04120A,
author = "Guo, Lei and Qi, Chengwei and Zheng, Xingwen and Zhang,
 Renhui and Shen, Xun and Kaya, Savaş",
title = "Toward understanding the adsorption mechanism of large size
 organic corrosion inhibitors on an {F}e(110) surface
 using the DFTB method",
journal = rsca,
year = 2017,
volume = 7,
issue = 46,
pages = "29042-29050",
publisher = "The Royal Society of Chemistry",
doi = "10.1039/C7RA04120A",
url = "http://dx.doi.org/10.1039/C7RA04120A",
}

@Article{C6CP03987A,
author ="Zhang, Kan and Yu, Shansheng and Jv, Baoming and Zheng, Weitao",
title ="Interaction of Rhodamine 6{G} molecules with graphene: a
 combined computational–experimental study",
journal = pccp,
year ="2016",
volume ="18",
issue ="41",
pages ="28418-28427",
publisher ="The Royal Society of Chemistry",
doi ="10.1039/C6CP03987A",
url ="http://dx.doi.org/10.1039/C6CP03987A",
}

@article{Delley1,
author = {Delley,B. },
title = {An all‐electron numerical method for solving the local
 density functional for polyatomic molecules},
journal = jcp,
volume = {92},
number = {1},
pages = {508-517},
year = {1990},
doi = {10.1063/1.458452},
URL = {https://doi.org/10.1063/1.458452},
eprint = {https://doi.org/10.1063/1.458452}
}

@article{Delley2,
author = {Delley,B. },
title = {From molecules to solids with the {D}{M}ol3 approach},
journal = jcp,
volume = {113},
number = {18},
pages = {7756-7764},
year = {2000},
doi = {10.1063/1.1316015},
URL = {https://doi.org/10.1063/1.1316015},
eprint = {https://doi.org/10.1063/1.1316015}
}

@Misc{libnegf-repo,
  title = {{libNEGF} library},
  year =  {Accessed: 2021-11-25},
  howpublished = {{https://github.com/libnegf/libnegf}}
}

@article{doi:10.1063/1.5085190,
author = {Liu, Hongsheng  and Seifert, Gotthard  and Di~Valentin, Cristiana},
title = {An efficient way to model complex magnetite: Assessment of
                  {SCC-DFTB} against {DFT}},
journal = jcp,
volume = {150},
number = {9},
pages = {094703},
year = {2019},
doi = {10.1063/1.5085190}
}

@article{doi:10.1002/pssc.200778667,
author = {Sanna, Simone and Hourahine, B. and Frauenheim, Th. and Gerstmann, U.},
title = {Theoretical study of rare earth point defects in GaN},
journal = pssc,

volume = {5},
number = {6},
pages = {2358-2360},
keywords = {61.72.Ji, 71.15.Mb, 71.20.Eh, 71.27.+a},
doi = {10.1002/pssc.200778667},
url = {https://onlinelibrary.wiley.com/doi/abs/10.1002/pssc.200778667},
year = {2008}
}

@Misc{gromacs-dftbplus-repo,
  title = {{Gromacs} repository fork},
  year =  {Accessed: 2021-11-25},
  howpublished =  {{https://github.com/tomaskubar/gromacs-dftbplus}}
}

@Misc{mpifx,
  title = {{MPIFX library}},
  year =  {Accessed: 2021-11-25},
  howpublished = {{https://github.com/dftbplus/mpifx}}
}

@Misc{scalapackfx,
  title = {{SCALAPACKFX library}},
  year =  {Accessed: 2021-11-25},
  howpublished = {{https://github.com/dftbplus/scalapackfx}}
}

@article{PhysRev.94.1498,
  title = {Simplified LCAO Method for the Periodic Potential Problem},
  author = {Slater, J. C. and Koster, G. F.},
  journal = pr,
  volume = {94},
  issue = {6},
  pages = {1498--1524},
  numpages = {0},
  year = {1954},
  month = {Jun},
  publisher = {American Physical Society},
  doi = {10.1103/PhysRev.94.1498},
  url = {https://link.aps.org/doi/10.1103/PhysRev.94.1498}
}

@article{doi:10.1021/jp068802p,
author = {K\"ohler, Christof and Frauenheim, Thomas and Hourahine, Ben
                  and Seifert, Gotthard and Sternberg, Michael},
title = {Treatment of Collinear and Noncollinear Electron Spin within
                  an Approximate Density Functional Based Method},
journal = jpca,
volume = {111},
number = {26},
pages = {5622-5629},
year = {2007},
doi = {10.1021/jp068802p}
}

@article{Hourahine11,
title = "Excited multiplets of {E}u in {GaN}",
author = "Benjamin Hourahine",
year = "2011",
doi = "10.1557/opl.2011.525",
volume = "1290",
pages = "46--51",
journal = mrs
}

@Misc{fypp-repo,
  title = {{Fypp} preprocessor},
  howpublished = {{https://github.com/aradi/fypp}},
  year = {Accessed: 2021-11-25}
}


@Misc{cp2k-repo,
  title = {{CP2K} software package},
  year = {Accessed: 2021-11-25},
  howpublished = {{https://github.com/cp2k/cp2k}}
}


@Article{Bodrog2011,
  author =   {Z. Bodrog and B. Aradi and T. Frauenheim},
  title =   {Automated repulsive parametrization for the DFTB method},
  journal =   jctc,
  year =   {2011},
  volume =  {7},
  pages =  {2654}
}

@Article{vanLenthe1993,
  author =   {E. van Lenthe and E. J. Baerends and J. G. Snijders},
  title =   {Relativistic regular two-component Hamiltonians},
  journal =   jcp,
  year =   {1993},
  volume =  {99},
  pages =  {4597}
}

@Article{Vuong2018,
  author =   {V. Q. Vuong and J. A. Kuriappan and M. Kubillus and J. Kranz and T. Mast and T. A. Niehaus and S. Irle and M. Elstner},
  title =   {Parametrization and Benchmark of LC-DFTB2 for Organic Molecules},
  journal =   jctc,
  year =   {2018},
  volume =  {14},
  pages =  {115}
}

@Misc{skpar-repo,
  title = {{SKPAR} software},
  howpublished = {{https://github.com/smarkov/skpar}},
  year = {Accessed: 2021-11-25}
}

@Misc{adpt-repo,
  title = {{Automatized DFTB Parameter Toolkit}},
  year = {Accessed: 2021-11-25},
  howpublished = {{https://bitbucket.org/solccp/adpt\_core}}
}



@Article{Hellstrom2013,
author = {Hellström, Matti and Jorner, Kjell and Bryngelsson, Maria and Huber, Stefan E. and Kullgren, Jolla and Frauenheim, Thomas and Broqvist, Peter},
title = {An SCC-DFTB Repulsive Potential for Various ZnO Polymorphs and the ZnO–Water System},
journal = jpcc,
volume = {117},
pages = {17004},
year = {2013}
}



@article{Huran2018,
author = {Huran, Ahmad
W. and Steigemann, Conrad and Frauenheim, Thomas and Aradi, Bálint and Marques, Miguel A. L.},
title = {Efficient Automatized Density-Functional Tight-Binding Parametrizations: Application to Group IV Elements},
journal = jctc,
volume = {14},
number = {6},
pages = {2947-2954},
year = {2018}
}

@article{Goldman2018,
author = {Goldman, Nir and Aradi, Bálint and Lindsey, Rebecca K. and Fried, Laurence E.},
title = {Development of a Multicenter Density Functional Tight Binding Model for Plutonium Surface Hydriding},
journal = jctc,
volume = {14},
number = {5},
pages = {2652-2660},
year = {2018}
}

@Article{Zhu2019,
  author =   {Junmian Zhu and Van Quan Vuong and Bobby G. Sumpter and Stephan Irle},
  title =   {Artificial neural network correction for density-functional tight-binding
molecular dynamics simulations},
  journal =   mrsc,
  year =   {2019},
  volume =  {9},
  pages =  {867}
}


@article{Kranz2018,
author = {Kranz, Julian
J. and Kubillus, Maximilian and Ramakrishnan, Raghunathan and von Lilienfeld, O. Anatole and Elstner, Marcus},
title = {Generalized Density-Functional Tight-Binding Repulsive Potentials from Unsupervised Machine Learning},
journal = jctc,
volume = {14},
number = {5},
pages = {2341-2352},
year = {2018}
}




@article{Li2018,
author = {Li, Haichen and Collins, Christopher and Tanha, Matteus and Gordon, Geoffrey J. and Yaron, David J.},
title = {A Density Functional Tight Binding Layer for Deep Learning of Chemical Hamiltonians},
journal = jctc,
volume = {14},
number = {11},
pages = {5764-5776},
year = {2018}
}


@article{Ramakrishnan2015,
author = {Ramakrishnan, Raghunathan and Dral, Pavlo O. and Rupp, Matthias and von Lilienfeld, O. Anatole},
journal = jctc,
number = {5},
pages = {2087-2096},
title = {{Big Data Meets Quantum Chemistry Approximations: The $\Delta$-Machine Learning Approach}},
volume = {11},
year = {2015}
}

@article{Shen2016,
author = {Shen, Lin and Wu, Jingheng and Yang, Weitao},
journal = jctc,
number = {10},
pages = {4934-4946},
title = {{Multiscale Quantum Mechanics/Molecular Mechanics Simulations with Neural Networks}},
volume = {12},
year = {2016}
}

@article{Shen2018,
author = {Shen, Lin and Yang, Weitao},
journal = jctc,
number = {3},
pages = {1442-1455},
title = {{Molecular Dynamics Simulations with Quantum Mechanics/Molecular Mechanics and Adaptive Neural Networks}},
volume = {14},
year = {2018}
}

@article{taylor2016,
  title={Blind test of density-functional-based methods on intermolecular interaction energies},
  author={Taylor, DeCarlos E and {\'A}ngy{\'a}n, J{\'a}nos G and Galli, Giulia and Zhang, Cui and Gygi, Francois and Hirao, Kimihiko and Song, Jong Won and Rahul, Kar and Anatole von Lilienfeld, O and Podeszwa, Rafa{\l} and others},
  journal=jcp,
  volume={145},
  number={12},
  pages={124105},
  year={2016},
  publisher={AIP Publishing}
}

@article{grafova2010,
  title={Comparative study of selected wave function and density functional methods for noncovalent interaction energy calculations using the extended S22 data set},
  author={Gr{\'a}fov{\'a}, Lucie and Pitonak, Michal and Rezac, Jan and Hobza, Pavel},
  journal=jctc,
  volume={6},
  number={8},
  pages={2365--2376},
  year={2010},
  publisher={ACS Publications}
}


@ARTICLE{markov2015b,
author={S. {Markov} and B. {Aradi} and C. {Yam} and H. {Xie} and T. {Frauenheim} and G. {Chen}},
journal=ieeetc,
title={Atomic Level Modeling of Extremely Thin Silicon-on-Insulator MOSFETs Including the Silicon Dioxide: Electronic Structure},
year={2015},
volume={62},
number={3},
pages={696-704},
doi={10.1109/TED.2014.2387288},
ISSN={1557-9646},
month={March},}

@article{bursch2017,
  title={Fast and Reasonable Geometry Optimization of Lanthanoid Complexes with an Extended Tight Binding Quantum Chemical Method},
  author={Bursch, Markus and Hansen, Andreas and Grimme, Stefan},
  journal=ic,
  volume={56},
  number={20},
  pages={12485--12491},
  year={2017},
  publisher={ACS Publications}
}

@article{kromann2018,
  title={Random versus Systematic Errors in Reaction Enthalpies Computed Using Semiempirical and Minimal Basis Set Methods},
  author={Kromann, Jimmy C and Welford, Alexander and Christensen, Anders S and Jensen, Jan H},
  journal=acso,
  volume={3},
  number={4},
  pages={4372--4377},
  year={2018},
  publisher={ACS Publications}
}



@Article{Christensen2016,
  author =       {Anders S. Christensen and Tom{\'a}\v{s} Kuba\v{r} and Qiang Cui and Marcus Elstner},
  title =        {Semiempirical Quantum Mechanical Methods for Noncovalent Interactions for Chemical and Biochemical Applications},
  journal =      cr,
  year =         {2016},
  volume =       {116},
  pages =        {5301-5337}
}


@Article{Gaus2015,
  author =       {Michael Gaus and Xiya Lu and Marcus Elstner and Qiang Cui},
  title =        {Parameterization of DFTB3/3OB for Sulfur and Phosphorus for Chemical and Biological Applications},
  journal =      jctc,
  year =         {2014},
  volume =       {10},
  pages =        {1518}
}


@Article{Goyal2014,
  author =       {Puja Goyal and Hu-Jun Qian and Stephan Irle and Xiya Lu and Daniel Roston and Toshifumi Mori and Marcus Elstner and Qiang Cui},
  title =        {Molecular Simulation of Water and Hydration Effects in Different Environments: Challenges and Developments for DFTB Based Models},
  journal =      jpcb,
  year =         {2014},
  volume =       {118},
  pages =        {11007}
}

@Article{Fihey2015,
  author =       {Arnaud Fihey and Christian Hettich and Jérémy Touzeau and François Maurel and Aurélie Perrier and Christof Köhler and Bálint Aradi and Thomas Frauenheim},
  title =        {SCC‐DFTB parameters for simulating hybrid gold‐thiolates compounds},
  journal =      jcc,
  year =         {2015},
  volume =       {36},
  pages =        {2075}
}

@article{PhysRevB.79.035103,
  title = {Anisotropy and magnetism in the $\text{LSDA}+\text{U}$ method},
  author = {Ylvisaker, Erik R. and Pickett, Warren E. and Koepernik, Klaus},
  journal = prb,
  volume = {79},
  issue = {3},
  pages = {035103},
  numpages = {12},
  year = {2009},
  month = {Jan},
  publisher = {American Physical Society},
  doi = {10.1103/PhysRevB.79.035103},
  url = {https://link.aps.org/doi/10.1103/PhysRevB.79.035103}
}

@article{doi:10.1021/acs.jpcc.6b10557,
author = {Kullgren, Jolla and Wolf, Matthew J. and Hermansson, Kersti and Köhler, Christof and Aradi, Bálint and Frauenheim, Thomas and Broqvist, Peter},
title = {Self-Consistent-Charge Density-Functional Tight-Binding (\mbox{SCC-DFTB}) Parameters for Ceria in 0{D} to 3{D}},
journal = jpcc,
volume = {121},
number = {8},
pages = {4593-4607},
year = {2017},
doi = {10.1021/acs.jpcc.6b10557}
}
